3075 5009
539 510 663 571 372
1191 518 1669 569 ΟΑΒΤΰΙιΔΒΙΠΗ
1697 518 2161 569 Rmvmmst.

533 678 767 741 antiam
793 678 1026 739 dictum
1055 683 1150 739 est
1175 677 1242 739 in
1269 676 1389 737 illis
1419 674 1555 759 [11]
1584 675 1733 738 locis
1771 676 1839 737 in
1880 676 2102 756 quibus
2142 674 2465 755 ampliores
2505 679 2655 735 sunt
2694 672 2831 734 red·

534 758 702 821 ditus
729 766 794 821 et
819 758 1232 822 ecclesiasticae
1259 758 1597 819 facultates.
1658 758 1733 819 In
1762 757 2219 838 pauperioribus
2240 776 2383 818 vero
2403 755 2553 817 locis
2576 762 2829 815 tantum

533 840 818 903 volumus
843 840 1040 903 teneri
1066 858 1431 913 mensuram,
1453 846 1528 900 ut
1545 858 1795 901 excessu
1813 838 2114 917 majorum
2132 838 2399 900 minores
2422 856 2549 898 non
2574 836 2830 897 doleant

535 942 603 984 se
631 920 990 1005 [im]merito
1031 920 1285 1001 gravari,
1313 940 1394 982 ne
1421 920 1537 981 sub
1578 918 1963 1001 indulgentia
1984 918 2077 981 illi
2104 919 2211 999 qui
2242 917 2627 1000 paucioribus
2654 917 2831 997 equis

535 1004 630 1067 uti
657 1002 938 1066 solebant
965 1001 1328 1083 plurimum¹
1355 1001 1474 1063 sibi
1501 1000 1755 1065 credant
1782 999 2141 1063 ἰιιείιιΙιιιιιι.2

621 1168 719 1227 21.
781 1180 976 1225 xxlx.
1043 1164 1202 1239 Quia
1255 1162 1538 1224 nonnulli
1593 1162 1845 1225 modum
1900 1162 2169 1224 avaritiae
2217 1181 2342 1223 non
2476 1168 2713 1236 nentes,
2764 1168 2833 1223 et

535 1246 806 1309 diversas
854 1246 1188 1325 dignitates
1232 1244 1665 1307 ecclesiasticas
1718 1252 1785 1306 et
1825 1242 2029 1324 plures
2076 1263 2289 1338 parroc
2338 1244 2350 1255 '
2414 1262 2479 1305 es
2526 1242 2831 1318 ecclesias,

537 1336 752 1391 contra
805 1346 1101 1389 canonem
1143 1332 1494 1387 sanctorum
1511 1326 1539 1365 ⁸
1606 1326 1981 1401 institutum,
2036 1332 2324 1387 mtuntur
2362 1324 2691 1405 acquirere,
2738 1325 2833 1385 ita

536 1416 610 1471 ut
649 1408 1002 1471 commune⁴
1049 1408 1311 1470 officium
1357 1408 1466 1469 vix
1519 1406 1864 1487 suppleant.
1911 1406 2216 1486 stipendia
2268 1406 2669 1486 plurimorum
2710 1406 2831 1465 sibi

536 1490 1051 1551 vendicent5—ne
1105 1488 1172 1549 id
1226 1486 1304 1550 de
1358 1494 1579 1550 caetero
1634 1488 1743 1551 fiat
1796 1488 2137 1549 districtius
2190 1486 2555 1549 inhibemus.
2667 1486 2831 1548 Cum

537 1578 744 1633 autem
784 1569 1254 1633 ecclesiasticum
1293 1569 1701 1631 ministerium
1748 1568 2045 1650 assignari
2089 1568 2390 1644 debuerit,
2420 1568 2564 1630 talis
2604 1566 2685 1629 ad
2712 1568 2831 1629 hoc

535 1672 794 1733 persona
819 1659 1130 1732 quaeratur
1199 1670 1292 1711 uae
1333 1650 1598 1713 resideat
1624 1650 1691 1711 in
1717 1649 1867 1727 loco,
1899 1658 1965 1713 et
1990 1670 2194 1712 acram
2235 1651 2370 1729 ejus
2409 1670 2521 1729 per
2560 1650 2833 1728 seipsum

535 1733 742 1797 valeat
767 1752 1064 1796 exercere.
1151 1672 1333 1808 &uod
1361 1732 1413 1793 si
1439 1732 1621 1793 aliter
1646 1740 1853 1794 actum
1880 1732 2084 1807 fuerit,
2116 1739 2182 1794 et
2211 1732 2321 1811 qui
2348 1732 2663 1811 receperit,
2694 1750 2833 1810 quse

533 1822 749 1878 contra
769 1834 968 1877 sacros
995 1812 1240 1876 ordines
1281 1814 1630 1893 susceperit,
1662 1814 1927 1891 amittat,
1959 1821 2024 1875 et
2050 1813 2158 1893 qui
2183 1811 2507 1887 dediderit,
2531 1811 2835 1892 largiendi

620 1904 842 1959 testate
887 1896 1202 1975 privetur3
1255 1902 1320 1955 et
1367 1896 1512 1974 quia
1559 1895 1625 1956 in
1672 1902 1921 1957 tantum
1968 1894 2100 1974 jam
2154 1895 2515 1974 processerit
2568 1914 2835 1973 quorun·

537 1916 682 2039 gom
709 1977 962 2039 ambitio
990 1983 1062 2038 ut
1087 1996 1212 2038 non
1238 1975 1392 2037 duas
1419 1976 1519 2038 vel
1547 1984 1691 2052 tres,
1722 1984 1818 2037 set
1852 1974 2039 2039 etiam
2066 1994 2196 2050 sex,
2225 1984 2290 2037 et
2316 1974 2525 2056 plures
2551 1975 2836 2037 ecclesias

537 2058 788 2139 quidam
814 2058 1249 2138 perhibeantur
1273 2056 1514 2133 habere,
1546 2078 1686 2119 cum
1726 2077 1838 2119 nec
1877 2057 2115 2119 duabus
2142 2058 2378 2137 possint
2402 2056 2676 2118 debitam
2744 2076 2839 2117 ro·

537 2140 869 2203 visionem⁶
921 2138 1291 2219 impendere,
1349 2158 1460 2219 per
1519 2138 1739 2199 fratres
1810 2144 1875 2201 et
1934 2138 2228 2219 co-episco
2310 2159 2339 2199 s
2404 2145 2650 2199 nostros
2765 2158 2835 2199 oc

541 2220 854 2285 emendari
900 2219 1304 2301 praecipimus,
1335 2226 1400 2281 et
1445 2219 1524 2281 de
1573 2218 1971 2282 multitudine
2020 2220 2237 2281 canoni
2283 2240 2351 2281 us
2400 2219 2667 2293 inimica,
2698 2238 2837 2299 quae

539 2302 993 2364 dissolutionis?
1019 2301 1340 2363 materiam
1367 2307 1432 2364 et
1457 2301 1802 2381 vagationis
1844 2300 2099 2376 inducit,
2131 2309 2194 2364 et
2236 2308 2470 2363 certum
2496 2300 2837 2381 periculum

541 2384 882 2447 animarum
935 2383 1226 2459 continet,
1269 2428 1287 2445 .
1331 2430 1348 2447 .
1395 2430 1408 2445 .
1455 2390 1520 2445 et
1574 2382 1662 2444 eis
1716 2382 2009 2463 assignari
2058 2383 2163 2463 qui
2219 2382 2485 2445 ecclesiis
2526 2382 2837 2445 deservire

540 2466 801 2528 valeant.

623 2612 722 2671 22.
765 2624 931 2671 xxx,
975 2606 1196 2671 Clerici
1238 2607 1304 2669 in
1345 2608 1528 2669 sacris
1570 2606 1887 2670 ordinibus
1928 2607 2267 2683 constituti,
2297 2608 2407 2687 qui
2449 2606 2839 2669 mulierculas

541 2690 609 2753 in
638 2689 918 2753 domibus
947 2689 1071 2751 suis
1100 2688 1213 2751 sub
1241 2688 1699 2751 incontinentiae
1727 2697 1876 2751 nota
1900 2689 2227 2763 tenuerint,
2259 2695 2370 2749 aut
2395 2688 2689 2768 abjiciant
2716 2709 2837 2764 eas,

544 2779 608 2835 et
635 2772 1020 2834 continenter
1045 2770 1261 2831 vivant
1289 2768 1474 2865 [11¹²1,
1503 2778 1614 2831 aut
1653 2791 1690 2832 a
1732 2770 2024 2833 beneficio
2067 2777 2135 2831 et
2173 2770 2369 2833 officio
2408 2770 2565 2832 fiant
2604 2770 2845 2832 ecclesi·

542 2854 734 2916 astico
760 2852 960 2915 alieni.
1035 2852 1416 2931 Quicumque
1445 2872 1510 2912 1n
1537 2851 1984 2913 incontinentia
2002 2850 2125 2927 illa,
2145 2872 2281 2931 quae
2308 2858 2524 2913 contra
2550 2860 2843 2913 naturam

543 2941 654 3011 est,
685 2940 939 3015 propter
983 2952 1167 3013 quam
1214 2934 1307 2993 ira
1353 2932 1473 2995 Dei
1522 2933 1696 2994 venit
1738 2934 1803 2994 in
1850 2933 2008 2994 filios
2052 2932 2425 3007 diffidentiae,
2456 2940 2524 2995 et
2565 2934 2844 3013 quinque

543 3016 824 3077 civitates
871 3013 1260 3093 consumpsit,
1309 3012 1414 3097 [si]
1456 3013 1821 3094 deprehensi
1870 3013 2104 3076 fuerint
2156 3014 2481 3089 laborare,⁸
2527 3014 2581 3074 si
2638 3014 2844 3076 clerici

545 3096 792 3171 fuerint,
824 3094 1148 3175 ejiciantur
1174 3115 1211 3156 a
1239 3094 1416 3169 clero,
1446 3094 1549 3156 vel
1588 3094 1669 3157 ad
1711 3094 2009 3177 agendam
2048 3096 2476 3175 poenitentiam
2502 3095 2571 3156 in
2596 3095 2845 3157 Monae-

544 3177 702 3239 terio
728 3175 1162 3251 retrudantur3
1205 3176 1256 3237 si
1287 3175 1443 3251 laici,
1474 3176 2088 3239 excommunicationi
2127 3176 2489 3253 subdantur,
2520 3185 2587 3238 et
2613 3197 2653 3238 a
2680 3185 2843 3239 ooetu

545 3257 819 3322 fidelium
839 3258 992 3318 fiant
1088 3256 1254 3319 nitus
1280 3256 1482 3319 alieni.
1538 3257 1916 3321 Monasteria
1940 3264 2235 3338 praeterea
2252 3257 2847 3321 Sancti-monialium

545 3341 598 3401 si
626 3339 946 3421 quisquam
973 3357 1004 3399 c
1029 3337 1240 3414 ericus,
1265 3339 1397 3400 sine
1425 3339 1753 3401 manifesta
1778 3346 1843 3400 et
1869 3339 2206 3401 necessaria
2232 3360 2427 3415 causa,
2446 3339 2851 3419 frequentare

589 3419 1014 3501 raesumpserit,
1065 3439 1176 3499 per
1221 3418 1592 3501 Episcopum
1645 3428 1937 3496 arceatur,
1990 3428 2069 3493 et,
2130 3421 2183 3482 si
2238 3440 2361 3483 non
2417 3419 2751 3495 destiterit,
2810 3442 2847 3483 a

547 3442 838 3567 Beneficio
864 3500 1268 3563 ecclesiastico
1295 3500 1589 3563 reddatur
1617 3501 1919 3564 immunis.

633 3649 726 3709 23.
799 3660 991 3708 xxm.
1064 3644 1223 3707 Cum
1291 3644 1456 3707 dicat
1522 3646 1584 3707 A
1664 3646 1857 3709 stolus
1923 3645 2476 3709 habundantiorem
2544 3644 2848 3708 honorem

548 3727 836 3790 membris
862 3726 1295 3789 infirmioribus
1323 3726 1571 3790 deferen
1618 3748 1737 3805 um,
1769 3748 1804 3789 e
1832 3735 2061 3803 contra,
2088 3727 2342 3808 quidam
2382 3746 2520 3807 quae
2561 3746 2673 3789 sua
2698 3734 2850 3789 sunt

620 3860 640 3894 ²
669 3856 802 3908 'rhi-
823 3856 872 3908 Ξ.
893 3856 1112 3909 written
1127 3856 1436 3923 plurimam,
1463 3858 1641 3910 which
1818 3857 1842 3891 ⁷
1872 3858 2325 3911 Dissolmt’ouibus.

552 3925 600 3975 is
620 3922 803 3988 surely
825 3923 1108 3975 incorrect.

617 3988 639 4021 ⁸
669 3988 784 4065 'I'he
805 4003 958 4039 sense
976 3993 1040 4064 at
1061 3988 1184 4039 best
1204 3986 1252 4039 is
1273 3988 1513 4041 obscure.
1818 3986 1842 4021 ⁸
1873 3988 2005 4041 Thi·
2036 4004 2261 4105 {usage
2304 3989 2353 4041 is
2390 3988 2463 4041 ho
2530 3989 2659 4040 lessl
2731 4005 2849 4041 eor·

615 4053 639 4088 ⁸
671 4054 802 4105 'I'his
824 4053 871 4104 in
892 4058 1112 4105 written
1128 4053 1252 4113 s’n.
1306 4053 1423 4105 The
1439 4070 1638 4121 expan-
1752 4056 1898 4121 rupt.
1978 4054 2025 4105 Τ
2065 4071 2096 4105 e
2124 4052 2337 4119 sucu-int
2374 4054 2441 4106 be
2466 4071 2557 4107 ore
2602 4005 2855 4107 togamve

554 4120 672 4172 sion
693 4118 740 4170 is
761 4118 1029 4171 doubtful.
1752 4134 1909 4187 presu
1948 4136 2104 4187 posen
2141 4137 2176 4171 a
2210 4119 2260 4171 εἰ
2276 4137 2301 4181 ,-
2353 4120 2457 4172 but
2508 4120 2755 4172 laborare
2802 4121 2851 4171 is

615 4184 639 4219 ⁴
671 4184 802 4236 Thin
833 4184 883 4235 is
919 4185 1140 4235 written
1177 4180 1334 4247 efflue,
1371 4184 1474 4236 but
1510 4200 1637 4237 com-
1752 4185 1893 4236 man·
1924 4186 2065 4251 estly
2108 4186 2451 4238 miswritten.
2546 4186 2853 4253 Assuming

553 4265 707 4303 mum
729 4265 898 4301 seems
917 4264 953 4301 a
973 4248 1089 4302 safe
1111 4248 1468 4303 emendation.
1752 4250 1848 4301 the
1902 4252 2153 4319 meaning
2204 4254 2265 4303 to
2322 4251 2389 4301 be
2448 4250 2547 4303 “if
2604 4250 2738 4316 they
2782 4251 2857 4303 be

619 4314 643 4348 ⁸
687 4314 984 4367 Vendt'cant.
1752 4315 1954 4382 caught
1974 4333 2036 4367 or
2058 4315 2363 4379 detected,”
2384 4332 2486 4367 one
2518 4315 2699 4383 might
2718 4332 2787 4367 su

619 4378 643 4413 ⁶
675 4379 1094 4433 Promis-aionem.
1219 4380 1332 4431 But
1385 4396 1474 4432 see
1528 4380 1631 4432 No.
1751 4396 1879 4447 pose
1900 4380 2149 4434 aberrare
2170 4386 2229 4433 to
2252 4382 2319 4434 be
2339 4381 2434 4434 the
2454 4380 2607 4433 word
2629 4382 2785 4432 inten
2832 4412 2847 4420 -

554 4458 760 4507 nvn..
811 4445 990 4497 where
1043 4445 1387 4511 provisionem
1439 4446 1487 4498 is
1543 4446 1639 4498 the
1751 4446 1858 4507 edg
1908 4446 2117 4514 though
2160 4446 2257 4499 the
2300 4448 2614 4515 suggestion
2668 4448 2717 4498 is
2776 4464 2859 4498 no

553 4510 774 4578 reading
795 4510 969 4577 given.
1752 4511 1932 4564 better
1952 4512 2088 4565 than
2106 4528 2142 4565 a
2162 4528 2337 4580 guen.
