3075 5009
1216 445 1425 494 APPEN
1432 445 1564 494 mx.
2411 439 2446 496 4
2459 438 2485 498 l
2497 439 2534 498 3

247 602 584 676 Abbatiae,¹
640 601 943 664 Robertus
997 603 1075 664 de
1128 601 1538 682 Thoraldeby,
1595 601 1636 663 J
1641 601 1908 663 ohannes
1962 603 2040 664 de
2111 604 2530 686 Romundeby‚

247 685 487 745 Alanus
513 684 613 745 del
642 683 889 763 Ploghe‚
921 683 965 745 J
967 683 1235 744 ohannes
1263 683 1686 763 Langebayne,
1719 683 2062 746 Willelmus
2101 684 2537 765 Jolystrothe,²

250 765 599 826 Willelmus
622 765 913 827 Browne⁸
940 773 1005 824 et
1024 764 1366 826 Willelmus
1396 764 1475 825 de
1494 763 1858 826 Aukelande
1885 765 2112 845 injuste
2133 775 2244 830 etc.
2277 768 2536 830 dissaisi-

252 849 511 908 verunt4
532 847 576 909 J
578 846 878 908 ohannem
906 846 983 906 de
1012 845 1359 924 Stanehope
1379 853 1443 907 et
1471 845 1774 920 Ceciliam,
1799 867 2052 908 uxorem
2073 847 2221 926 ejus,
2245 849 2322 912 de
2342 849 2534 912 libero

251 936 605 990 tenemento
646 946 755 989 suo
796 929 860 987 in
902 926 1133 1007 Magna
1174 927 1521 1005 Herlesaye,
1565 936 1706 1006 post
1745 928 2004 1008 primam
2045 937 2196 991 etc.:
2246 930 2328 991 Et
2369 932 2531 993 unde

251 1009 533 1089 queritur
559 1009 724 1087 quod
753 1008 1247 1070 disseisiaverunt
1278 1028 1378 1069 eos
1420 1009 1497 1069 de
1532 1008 1770 1069 duabus
1809 1009 1962 1069 acris
2003 1010 2161 1089 prati
2221 1056 2236 1072 .
2297 1058 2312 1073 .
2378 1059 2393 1074 .
2452 1013 2535 1074 Et

254 1090 459 1151 nullus
500 1109 710 1151 eorum
737 1091 925 1162 venit,
966 1098 1062 1150 set
1101 1089 1349 1169 quidam
1375 1088 1638 1150 Thomas
1667 1089 1744 1150 de
1773 1089 2016 1152 Wartre
2056 1092 2384 1171 respondet
2421 1113 2535 1174 pro

255 1171 363 1248 eis,
406 1179 698 1250 tanquam
739 1191 946 1232 eorum
974 1171 1234 1232 ballivus
1274 1171 1353 1232 ad
1395 1169 1646 1230 assisam
1686 1170 1866 1231 istam
1909 1171 2291 1248 attachiatus,
2322 1184 2386 1237 et
2423 1195 2534 1256 pro

255 1252 555 1326 omnibus,
588 1260 807 1332 praeter
832 1252 1151 1326 Abbatem,
1176 1251 1325 1312 dicit
1351 1252 1515 1330 quod
1544 1251 1660 1330 ipsi
1686 1251 1875 1312 nichil
1899 1252 2128 1315 habent
2154 1255 2218 1315 in
2247 1255 2537 1335 praedicto

254 1341 448 1414 prato,
492 1353 605 1395 nec
646 1333 910 1412 aliquam
951 1333 1239 1412 injuriam
1280 1341 1389 1393 aut
1430 1331 1806 1394 disseisinam
1846 1333 2136 1408 fecerunt,
2182 1345 2248 1397 et
2293 1336 2372 1398 de
2421 1337 2534 1400 hoc

255 1415 465 1494 ponit⁵
512 1435 576 1476 se
623 1435 805 1492 super
849 1415 1111 1474 assisam.
1196 1414 1280 1475 Et
1326 1434 1434 1493 pro
1482 1413 1726 1475 Abbate
1775 1414 1924 1475 dicit
1966 1416 2131 1494 quod
2178 1417 2534 1496 praedictum

256 1504 503 1576 pratum
537 1496 657 1556 fuit
696 1497 759 1556 in
803 1496 1023 1556 seisina
1062 1493 1378 1574 cujusdam
1420 1495 1675 1556 Roberti
1709 1495 1785 1555 de
1813 1495 2106 1571 Lasceles,
2137 1499 2244 1577 qui
2271 1499 2348 1560 de
2390 1520 2536 1579 prae-

258 1577 423 1639 dicto
461 1585 637 1657 prato
678 1585 743 1638 et
782 1577 915 1637 aliis
954 1576 1319 1638 tenementis
1365 1576 1641 1637 feoffavit
1682 1577 1985 1654 quendam
2022 1579 2344 1654 Abbatem‚
2391 1602 2537 1661 prae-

258 1658 629 1720 decessorem
670 1657 945 1736 praedicti
978 1658 1255 1731 Abbatis‚
1296 1666 1360 1718 et
1390 1657 1542 1718 dicit
1583 1657 1745 1736 quod
1785 1667 1926 1737 post
1964 1669 2221 1722 mortem
2263 1663 2535 1742 praedicti

259 1739 515 1801 Roberti
542 1740 619 1801 de
648 1739 939 1814 Lasceles,
970 1739 1245 1818 quaedam
1286 1737 1564 1812 Isabella,
1598 1758 1757 1800 uxor
1781 1739 2055 1818 ejusdem
2089 1741 2360 1819 Roberti,
2390 1743 2538 1805 tulit

258 1822 441 1883 breve
484 1821 560 1881 de
592 1820 745 1916 ’dote
784 1840 995 1881 versus
1036 1820 1392 1914 praedictum
1431 1819 1754 1896 Abbatem‚
1799 1829 1863 1915 et
1908 1824 2289 1917 recuperavit
2327 1845 2538 1920 versus

260 1901 2107 2062 {32¹²sseffffiffifi‘tzizssdssssoepssffisst⁸3¹¹31¹32⁸121¹2051¹3¹¹31230⁰2¹54
2127 1907 2536 2066 Ρῖῗεὲῗὲῗξ

258 2073 517 2126 mortem
546 2063 870 2144 praedictus
896 2063 1121 2139 Abbas,
1152 2064 1555 2142 praedecessor
1579 2063 1756 2125 istius
1782 2064 2044 2126 Abbatis
2072 2067 2179 2145 qui
2219 2087 2382 2130 nunc
2423 2078 2532 2144 est,

260 2146 512 2207 intravit
539 2144 895 2225 praedictum
936 2152 1194 2224 pratum,
1224 2152 1299 2205 ut
1324 2144 1479 2206 illud
1520 2145 1691 2224 cujus
1718 2147 1982 2206 reversio
2009 2147 2089 2208 ad
2115 2148 2314 2227 ipsum
2354 2151 2536 2230 perti-

260 2227 461 2300 nebat,
492 2227 599 2306 qui
626 2225 769 2287 inde
797 2226 951 2287 obiit
978 2226 1221 2286 seisitus
1250 2233 1323 2286 ut
1348 2225 1425 2287 de
1456 2225 1596 2304 jure
1635 2225 1915 2288 Ecclesiae
1951 2247 2074 2289 suae
2116 2228 2536 2308 Ryvallensis:

261 2316 400 2388 post
426 2309 600 2387 cujus
626 2315 886 2368 mortem
916 2307 1238 2386 praedictus
1260 2307 1469 2368 Abbas
1498 2306 1607 2386 qui
1632 2327 1795 2368 nunc
1823 2317 1919 2368 est
1943 2309 2180 2371 invenit
2207 2310 2537 2373 Ecclesiam

258 2409 429 2451 suam
478 2388 828 2469 praedictam
875 2389 953 2450 de
1000 2387 1291 2467 praedicto
1338 2396 1516 2468 prato
1567 2387 1850 2463 scisitam,
1897 2389 2125 2468 absque
2172 2391 2375 2471 aliqua
2419 2394 2539 2454 alia

256 2470 485 2550 injuria
522 2469 814 2531 facienda.
915 2469 999 2530 Et
1045 2468 1319 2547 praedicti
1368 2469 1412 2530 J
1412 2468 1684 2531 ohannes
1731 2476 1796 2531 et
1841 2469 2068 2531 Cecilia
2112 2470 2326 2534 dicunt
2372 2474 2537 2554 quod

257 2551 615 2631 praedictum
662 2559 905 2631 pratum
953 2550 1187 2612 dudum
1230 2551 1352 2610 fuit
1399 2549 1464 2610 in
1513 2550 1735 2611 seisina
1781 2551 2100 2630 cujusdam
2148 2553 2410 2616 Gilberti
2459 2557 2536 2618 de

259 2633 511 2708 Latona,
558 2633 664 2711 qui
709 2631 855 2693 inde
902 2631 1179 2693 feoffavit
1220 2631 1573 2710 praedictam
1612 2631 1916 2707 Ceciliam,
1965 2653 2219 2694 uxorem
2263 2637 2536 2714 praedicti

258 2714 302 2776 J
304 2713 575 2787 ohannis,
620 2722 684 2775 et
722 2713 919 2792 ipsam
958 2713 1024 2774 in
1065 2711 1285 2774 seisina
1325 2713 1564 2792 posuit:
1615 2720 1679 2774 et
1719 2712 1933 2774 dicunt
1972 2713 2138 2793 quod
2179 2715 2295 2796 ipsi
2343 2719 2536 2780 seisiti

257 2793 561 2878 [fuerunt]
590 2794 666 2854 de
695 2793 983 2874 praedicto
1023 2801 1218 2872 prato,
1250 2802 1323 2854 ut
1350 2793 1426 2854 de
1454 2793 1645 2854 libero
1685 2799 2035 2856 tenemento
2063 2816 2190 2871 suo,
2221 2818 2536 2878 quousque

258 2876 533 2957 praedicti
559 2875 769 2936 Abbas
798 2883 861 2936 et
885 2874 989 2936 alii
1016 2873 1178 2954 ipsos
1204 2873 1349 2936 inde
1375 2874 1602 2953 injuste
1645 2920 1658 2936 .
1706 2920 1720 2936 .
1768 2921 1782 2936 .
1828 2875 2302 2954 disseisiverunt,
2333 2890 2399 2941 et
2424 2880 2538 2942 hoc

300 2966 478 3020 etunt
503 2955 668 3037 quod
696 2955 1093 3039 [inquiratur]
1136 2976 1246 3035 per
1277 2955 1538 3017 assisam
1629 2955 1712 3017 Et
1745 2956 1955 3018 Abbas
1993 2967 2057 3018 et
2093 2958 2195 3020 alii
2237 2961 2531 3023 similiter.

258 2979 463 3100 {iurati
505 3039 719 3099 dicunt
758 3057 939 3118 super
976 3045 1418 3099 sacramentum
1460 3056 1637 3098 suum
1678 3037 1840 3116 quod
1888 3039 2246 3117 praedictum
2293 3049 2536 3122 pratum

258 3119 495 3182 dudum
540 3120 664 3181 fuit
705 3119 770 3180 in
820 3119 1041 3180 saisina
1086 3116 1456 3201 cujus[dam]
1504 3117 1770 3179 Gilberti
1817 3118 1894 3179 de
1936 3118 2188 3196 Latona,
2240 3124 2344 3201 qui
2394 3124 2536 3187 inde

256 3202 529 3263 feoffavit
570 3199 903 3280 predictam
931 3198 1235 3276 ceciliam,
1268 3219 1520 3260 uxorem
1561 3199 1838 3278 praedicti
1876 3200 1920 3262 J
1923 3201 2178 3263 ohannis
2215 3203 2291 3265 de
2330 3205 2538 3267 Stane-

258 3284 433 3363 hope,
464 3291 528 3343 et
554 3283 746 3362 ipsam
774 3281 838 3342 in
866 3282 1090 3342 seisina
1114 3281 1319 3359 posuit
1362 3327 1375 3341 .
1418 3327 1432 3342 .
1483 3327 1497 3341 .
1544 3287 1607 3340 et
1633 3281 1876 3360 pacifice
1904 3285 2196 3346 remansit
2222 3305 2536 3366 quousque

258 3364 533 3445 praedicti
566 3363 775 3425 Abbas
804 3371 866 3423 et
903 3360 1006 3422 alii
1039 3362 1201 3441 ipsos
1228 3361 1290 3422 vi
1319 3369 1383 3422 et
1409 3361 1594 3422 armis
1633 3362 1776 3423 inde
1818 3362 2046 3441 injuste
2087 3372 2198 3428 etc.
2245 3367 2539 3429 disseisia-

258 3452 496 3508 verunt.
583 3443 732 3506 Ideo
760 3443 1205 3505 consideratum
1234 3451 1327 3504 est
1364 3441 1529 3522 quod
1569 3442 1843 3521 praedicti
1883 3443 1927 3505 J
1929 3444 2196 3508 ohannes
2224 3455 2288 3508 et
2316 3447 2540 3511 Oecilia

258 3533 615 3606 recuperent
652 3524 797 3586 inde
838 3525 1121 3586 saisinam
1148 3544 1320 3585 suam
1360 3544 1471 3602 per
1496 3524 1696 3584 visum
1725 3526 2149 3606 recognitionis
2177 3537 2241 3589 et
2276 3529 2540 3610 dampna

258 3628 558 3751 2¹35&ss
584 3613 1043 3768 &²322stss
1058 3603 2104 3765 οξωθὶῗιῗέῗιίῗέἓῖἓῗὲἕέἓῗ
2129 3609 2367 3672 ⁸⁰¹id⁰⁸
2455 3611 2538 3675 E*

546 3847 641 3907 95.
688 3843 940 3927 [Patent
968 3843 1155 3918 Rolls,
1189 3846 1218 3904 1
1251 3842 1422 3904 Edw.
1454 3859 1550 3904 111.
1583 3840 1815 3925 [1327],
1848 3854 1932 3924 pt.
1970 3849 2021 3920 2,
2053 3867 2133 3906 m.
2167 3846 2252 3931 8.]

335 3939 457 4002 Pro
486 3937 804 4000 Monachis
829 3937 1109 3999 Ecclesiae
1136 3935 1204 3998 B.
1236 3935 1449 4080 ffiae
1476 3935 1554 3996 de
1583 3935 1873 4016 Ryevalle
1901 3938 1977 3999 de
2005 3941 2458 4004 confirmatione

1224 4039 1255 4079 c
1384 4064 1387 4066 ψ
1420 4037 1543 4078 um.

336 4125 474 4190 Rex
513 4125 794 4188 omnibus
826 4124 905 4186 ad
948 4143 1099 4204 quos
1142 4133 1251 4186 etc.
1298 4124 1574 4184 salutem.
1660 4121 2046 4204 Inspeximus
2087 4135 2315 4190 cartam
2397 4150 2537 4192 uam

255 4211 528 4290 Rogerus
569 4208 646 4269 de
672 4206 939 4269 Molbrai
965 4206 1109 4266 fecit
1136 4205 1269 4266 Deo
1311 4214 1375 4266 et
1402 4204 1682 4266 Ecclesiae
1711 4203 1780 4266 B.
1810 4205 2023 4269 Mariae
2051 4208 2128 4269 de
2155 4209 2368 4289 Ryeva
2391 4211 2448 4273 le
2475 4221 2540 4273 et

517 4313 535 4346 ¹
570 4313 813 4365 Abbatioe
834 4312 891 4363 in
914 4311 1007 4362 the
1030 4311 1186 4363 other
1206 4327 1359 4378 copy.
1717 4311 1740 4343 ⁴
1775 4311 2213 4367 Disseieiaverint.

516 4377 540 4410 ²
572 4379 899 4443 Jolysoroue.
1720 4375 1742 4408 ⁸
1776 4377 2002 4430 Ponant.

516 4443 539 4477 ⁸
572 4443 799 4495 Bromie.
