3075 5009
1214 524 1423 572 APPEN
1424 524 1559 572 mx.
2411 513 2448 570 4
2459 511 2485 568 l
2498 511 2536 569 9

253 683 535 756 tendum,
568 683 645 744 ad
676 683 1121 762 procedendum
1166 683 1420 744 ulterius
1448 695 1584 758 etc„
1614 691 1798 762 prout
1826 692 1937 745 etc.
2023 684 2104 744 Et
2147 683 2328 744 modo
2368 683 2532 763 apud

255 763 643 844 Pykerynge‚
689 785 891 826 coram
933 766 1187 844 praefato
1229 764 1491 827 Ricardo
1534 765 1612 826 (16
1643 765 1998 846 Wylughby
2027 773 2092 827 et
2131 765 2416 827 «Iohanne
2456 765 2534 826 de

258 845 597 924 Hambury‚
629 846 673 906 J
675 846 1014 921 usticiariiS‚
1046 847 1339 927 praedicto
1367 847 1468 909 die
1497 847 1686 907 Lunae
1717 848 1992 926 proxime
2034 855 2174 926 post
2201 848 2428 909 festum
2470 847 2529 908 S.

256 927 542 1000 Andreae,
571 929 743 989 venit
770 929 1097 1007 praedictus
1126 929 1334 989 Abbas
1364 927 1721 1011 resum[ere]
1751 930 1815 989 in
1846 929 2094 1009 propria
2120 949 2378 1008 persona
2405 948 2530 1000 sua,

258 1015 322 1070 et
370 1011 528 1088 petit
576 1009 870 1090 judicium
919 1031 1100 1090 super
1150 1010 1459 1072 veredicto
1500 1010 1701 1071 clamii
1749 1011 1844 1070 sui
1885 1010 2175 1090 praedicti.
2263 1010 2346 1071 Et
2392 1010 2534 1090 quia

256 1091 577 1152 manifeste
604 1092 800 1170 liquet
826 1091 1024 1152 Curiae
1066 1113 1175 1171 per
1202 1100 1429 1153 cartam
1470 1091 1720 1152 Domini
1762 1093 1947 1172 Regis
1989 1091 2340 1171 praedictam
2368 1091 2533 1171 quod

254 1172 419 1233 idem
450 1173 655 1234 Abbas
684 1182 747 1234 et
773 1193 983 1235 omnes
1008 1173 1278 1235 Abbates
1305 1173 1420 1236 loci
1450 1172 1740 1253 praedicti,
1769 1174 2231 1253 praedecessores
2259 1173 2535 1252 praedicti

256 1253 516 1315 Abbatis
543 1255 651 1333 qui
679 1275 841 1316 nunc
868 1263 979 1329 est,
1009 1255 1201 1335 quieti
1232 1275 1359 1316 esse
1388 1255 1616 1316 debent
1642 1255 1707 1315 in
1734 1265 1908 1316 vasto
1936 1263 2002 1317 et
2041 1262 2290 1334 pastura
2317 1255 2532 1316 subtus

258 1335 606 1416 Pykeryng,
655 1337 721 1396 in
776 1337 996 1416 quibus
1051 1337 1319 1398 maneria.
1372 1336 1664 1417 praedicta
1717 1337 1899 1398 modo
1953 1337 2180 1398 situata
2235 1344 2400 1410 sunt,
2456 1336 2532 1398 de

258 1417 539 1479 omnibus
586 1418 798 1496 geldiS,
851 1418 1393 1479 consuetudinibus
1443 1428 1506 1479 et
1553 1417 1812 1497 placitiS,
1859 1427 1922 1478 et
1966 1418 2042 1478 de
2086 1419 2250 1479 omni
2292 1425 2534 1479 terreno

256 1500 520 1573 servitio,
581 1509 645 1560 et
700 1501 980 1561 omnibus
1030 1499 1163 1560 aliis
1206 1500 1408 1560 assisis
1464 1500 1706 1560 forestae
1755 1520 1890 1578 quae
1937 1498 2352 1582 geld[abiles]²
2401 1521 2534 1561 cen-

256 1589 484 1657 sentur,
529 1589 653 1642 tam
695 1581 773 1642 de
814 1582 1267 1662 expeditatione
1308 1601 1527 1644 canum
1555 1600 1739 1661 quam
1777 1580 1853 1642 de
1895 1581 2027 1642 aliis
2069 1581 2262 1662 geldis
2290 1582 2532 1661 quibus-

258 1682 493 1742 cunque
518 1686 534 1738 ;
577 1670 641 1723 et
680 1673 1057 1743 compertum
1098 1670 1194 1724 est
1233 1683 1341 1742 per
1381 1663 1694 1724 ministros
1733 1662 1912 1722 istius
1951 1663 2189 1724 forestae
2217 1663 2381 1743 quod
2423 1683 2533 1724 nec

258 1744 465 1805 Abbas
494 1745 601 1824 qui
641 1764 803 1806 nunc
841 1754 951 1820 est,
983 1765 1095 1806 nec
1135 1745 1355 1824 aliquis
1394 1745 1904 1824 'praedecessorum
1951 1764 2216 1820 suorum,
2260 1765 2532 1824 unquam

258 1825 488 1905 aliquid
529 1826 844 1887 solverunt
884 1827 1080 1902 alicui,
1120 1827 1249 1887 sive
1292 1827 1463 1906 Regi,
1515 1827 1643 1886 sive
1681 1824 1907 1887 Comiti
1956 1827 2064 1905 qui
2107 1846 2218 1905 pro
2259 1834 2532 1907 tempore

256 1907 458 1982 fuerit,
490 1927 528 1968 a.
554 1915 825 1987 tempore
854 1908 1247 1969 confectionis
1288 1917 1469 1968 cartae
1510 1905 1831 1986 praedictae,
1863 1909 1990 1968 sive
2033 1909 2215 1968 finem
2254 1910 2535 1969 fecerunt

258 2009 366 2068 pro
394 1989 643 2051 canibus
670 1990 795 2050 suis
824 1989 1053 2051 ibidem
1078 2011 1202 2050 non
1224 1989 1610 2069 expeditatiS,
1637 1995 1700 2048 et
1722 1988 2023 2050 Dominus
2043 1989 2195 2064 Rex,
2222 2010 2329 2069 per
2348 1989 2532 2052 breve

259 2091 453 2142 suum,
484 2071 799 2132 mandavit
826 2072 1093 2151 praefatis
1121 2071 1491 2133 Justiciariis
1516 2071 1616 2132 hic
1644 2070 1809 2148 quod
1839 2072 1954 2150 ipsi
1995 2072 2196 2151 ipsum
2222 2071 2532 2133 Abbatem

258 2153 337 2214 de
363 2153 717 2231 hujusmodi
744 2153 1198 2233 expeditatione
1227 2173 1447 2215 canum
1487 2153 1650 2214 infra
1689 2161 1883 2214 metas
1911 2161 1975 2214 ct
2001 2153 2227 2213 divisas
2254 2161 2442 2214 vastae
2470 2167 2534 2214 et

255 2244 519 2315 pasturae
547 2234 975 2315 praedictarum
1006 2235 1279 2314 quietum
1306 2253 1435 2296 esse
1468 2234 1848 2314 permittant,
1895 2241 2081 2313 prout
2119 2233 2262 2295 inde
2291 2235 2533 2313 quietus

255 2336 384 2378 esse
413 2315 613 2390 debet,
658 2324 722 2378 et
762 2317 891 2396 ipse
932 2326 997 2378 et
1044 2317 1511 2396 praedecessores
1549 2317 1661 2391 sui,
1682 2315 1957 2376 Abbates
1998 2315 2114 2377 loci
2161 2315 2451 2396 praedicti,
2498 2339 2534 2377 a

254 2407 529 2478 tempore
555 2399 947 2460 confectionis
978 2406 1144 2459 carta.
1170 2398 1473 2477 praedictae
1508 2398 1648 2460 inde
1676 2397 1868 2477 quieti
1894 2417 2025 2470 esse
2053 2407 2535 2459 consueverunt:

255 2479 805 2541 ——Consideratum
850 2489 946 2542 est
987 2479 1151 2561 quod
1194 2479 1357 2540 idem
1399 2479 1610 2540 Abbas
1653 2486 1755 2541 eat
1795 2479 1938 2540 inde
1987 2480 2230 2558 quietus
2251 2480 2534 2542 z—Salvo

254 2582 492 2641 semper
517 2563 651 2641 jure
689 2571 822 2636 etc„
854 2582 993 2622 cum
1029 2562 1177 2622 alias
1205 2561 1348 2624 inde
1375 2562 1542 2640 loqui
1573 2560 2128 2622 voluere.—Abbas
2155 2561 2232 2622 de
2261 2561 2532 2623 Rievalle

254 2643 476 2704 clamat
502 2643 723 2704 habere
760 2643 1079 2722 piscariam
1122 2663 1231 2723 pro
1260 2642 1576 2704 voluntate
1605 2663 1714 2704 sua.
1741 2645 1805 2704 in
1833 2661 1992 2721 aqua
2019 2642 2096 2703 de
2125 2643 2311 2704 Costa
2337 2664 2374 2704 a.
2401 2643 2532 2704 loco

254 2726 362 2786 ubi
403 2725 461 2786 le
503 2725 859 2803 Lowndyke
903 2725 1067 2786 cadit
1104 2725 1167 2785 in
1210 2724 1495 2786 Costam:
1546 2725 1631 2784 Et
1666 2725 1816 2786 dicit
1853 2723 2017 2805 quod
2059 2725 2186 2803 ipse
2225 2732 2290 2784 et
2325 2745 2533 2785 omnes

255 2807 725 2886 praedecessores
752 2807 861 2880 sui,
893 2807 1166 2868 Abbates
1184 2806 1467 2886 ,ejusdem
1510 2804 1642 2880 loci,
1674 2827 1712 2867 a.
1739 2815 2012 2885 tempore
2039 2826 2161 2884 quo
2203 2825 2326 2866 non
2360 2814 2534 2867 extat

252 2890 561 2964 memoria,
608 2889 822 2968 piscati
860 2888 1113 2949 fuerunt
1146 2889 1211 2948 in
1249 2907 1407 2967 aqua
1448 2888 1738 2967 praedicta
1777 2907 1886 2967 per
1926 2886 2152 2948 divisas
2195 2887 2527 2967 praedictae,

258 2981 551 3048 tanquam
596 2971 659 3030 in
703 2971 1006 3031 communi
1056 2991 1182 3045 suo,
1231 2971 1336 3050 qui
1378 2970 1648 3048 pertinet
1689 2968 1766 3030 ad
1816 2969 2074 3030 liberum
2114 2977 2532 3031 tenementum

254 3073 435 3113 snum
485 3073 617 3131 quae
666 3059 763 3112 est
812 3061 975 3113 terra.
1022 3051 1237 3112 hidata
1279 3051 1355 3111 de
1412 3049 1752 3112 Kekmares
1801 3059 1863 3112 et
1907 3049 2251 3125 Newstede,
2305 3060 2370 3112 et
2416 3051 2532 3113 hoc

252 3143 503 3214 paratus
530 3143 624 3194 est
654 3133 959 3194 verificare
996 3153 1105 3212 per
1144 3133 1455 3193 ministros
1492 3132 1769 3210 ejusdem
1802 3132 2060 3192 forestae.
2147 3131 2298 3194 Ideo
2339 3134 2531 3213 inqui-

252 3225 428 3276 ratur
466 3216 608 3276 inde
650 3215 877 3277 veritas
918 3235 1028 3295 per
1068 3214 1324 3276 eosdem.
1415 3214 1551 3289 Qui,
1598 3215 1746 3288 scil.,
1793 3214 2112 3287 forestarii,
2145 3213 2436 3290 viridarii,
2468 3224 2532 3277 et

254 3296 689 3378 regardatoreS‚
721 3297 799 3357 ad
841 3297 954 3357 hoc
996 3297 1185 3375 jurati
1219 3305 1285 3356 et
1326 3297 1580 3369 onerati,
1612 3296 1826 3356 dicunt
1866 3315 2048 3373 super
2089 3305 2530 3357 sacramentum

252 3399 432 3440 suum
460 3379 623 3457 quod
650 3379 859 3439 Abbas
887 3379 995 3457 qui
1034 3399 1194 3439 nunc
1237 3386 1345 3452 est,
1378 3377 1656 3438 similiter
1685 3397 1892 3438 omnes
1919 3377 2195 3438 Abbates
2228 3377 2344 3440 loci
2385 3399 2530 3457 prae-

250 3461 420 3534 dicti,
454 3461 919 3539 praedecessores
960 3461 1073 3533 sui,
1102 3483 1139 3520 a
1165 3467 1437 3538 tempore
1464 3478 1587 3538 quo
1615 3479 1737 3520 non
1768 3467 1941 3519 extat
1979 3458 2284 3533 memoria,
2319 3459 2530 3538 piscati

250 3543 507 3603 fuerunt
554 3543 619 3603 in
668 3562 827 3620 aqua
869 3541 1160 3619 praedicta
1203 3541 1281 3601 de
1325 3539 1511 3602 Costa
1555 3560 1663 3618 per
1696 3540 1922 3600 divisas
1969 3539 2306 3618 praedictas,
2353 3551 2422 3602 ut
2461 3543 2526 3601 in

250 3625 559 3686 communi
600 3643 709 3684 suo
750 3627 1095 3704 pertinente
1134 3623 1213 3683 ad
1254 3622 1513 3682 liberum
1557 3629 1976 3683 tenementum
2018 3640 2214 3696 suum,
2259 3642 2396 3701 quae
2437 3633 2530 3683 est

247 3715 417 3768 terra
458 3704 670 3765 hidata
694 3706 761 3764 in
788 3705 1239 3782 Loftemarrays
1282 3712 1344 3764 et
1385 3703 1710 3778 Neustede,
1741 3710 1926 3782 prout
1967 3703 2129 3763 idem
2157 3703 2365 3764 Abbas
2393 3724 2530 3784 sup-

248 3787 443 3869 ponit.
561 3787 709 3848 Ideo
762 3786 924 3847 idem
972 3786 1181 3846 Abbas
1224 3785 1578 3865 praedictam
1627 3785 1946 3864 piscariam
2001 3785 2224 3846 habeat
2244 3823 2325 3832 --
2347 3786 2528 3848 Salvo

246 3889 488 3947 semper
510 3868 647 3944 jure
676 3876 787 3929 etc.
874 3867 1005 3928 Nos
1032 3875 1237 3928 autem
1280 3868 1588 3946 praemissa.
1613 3867 1692 3927 ad
1733 3866 2192 3945 requisitionem
2213 3866 2525 3940 Willelmi,

244 3971 413 4012 nunc
456 3949 715 4010 Abbatis
762 3949 841 4010 de
887 3949 1176 4024 Rievalle‚
1228 3957 1437 4010 tenore
1481 3950 1870 4028 praesentium
1911 3948 2198 4009 duximus
2245 3949 2530 4028 exempli-

242 4033 496 4094 ficanda..
571 4032 645 4091 In
675 4031 848 4110 cujus
876 4039 985 4092 etc.
1061 4031 1128 4091 T.
1210 4030 1374 4109 Rege
1403 4031 1568 4109 apud
1597 4030 1852 4091 &Vestra
1887 4050 2018 4090 xuu
2047 4030 2146 4092 die
2173 4030 2504 4092 Februarii.

329 4192 422 4251 99.
470 4187 726 4268 [Patent
764 4186 953 4261 36113,
986 4190 1023 4246 4
1065 4187 1191 4248 Ric.
1226 4203 1290 4247 11.
1328 4185 1561 4270 [1380],
1596 4196 1679 4266 pt.
1712 4187 1749 4248 i.
1783 4208 1860 4247 m.
1897 4187 2022 4269 35.]
2104 4187 2200 4246 De
2242 4188 2528 4268 exempli-

242 4272 523 4332 ficatione
580 4267 1185 4330 Rievallensi.—Rex
1241 4269 1519 4328 omnibus
1576 4269 1654 4330 ad
1708 4289 1860 4348 quos
1910 4278 2018 4330 etc.
2145 4268 2524 4346 Inspeximus

238 4354 481 4414 litteras
528 4359 807 4430 patentes
855 4350 1103 4411 Domini
1153 4349 1454 4425 Edwardi‚
1506 4349 1690 4430 Regis
1739 4350 1995 4429 Angliae‚
2045 4351 2142 4410 avi
2198 4351 2407 4424 nostri,
2462 4353 2520 4411 in

240 4436 369 4496 haec
415 4433 599 4494 verba
623 4431 1053 4493 :-E‹lwaulus
1092 4431 1163 4492 D.
1200 4431 1272 4492 G.
1306 4431 1441 4492 Rex
1481 4432 1742 4512 Angliae,
1771 4432 2071 4492 Dominus
2113 4431 2420 4493 Hiberniae
2463 4443 2528 4494 et

1164 4538 1179 4568 ¹
1219 4538 1453 4590 &Vritten
1474 4541 1606 4602 yeld.
