3075 5009
839 484 1312 535 GARTULARIUM
1341 483 1801 533 RIEVALLENSE.
2330 472 2455 532 303

182 642 360 707 filius
387 641 590 707 Alani
634 642 934 726 Ingeram
978 642 1059 706 de
1102 641 1583 727 Scardeburghe
1625 690 1642 706 .
1686 690 1703 707 .
1748 692 1763 705 .
1809 640 1968 706 fecit
2009 642 2151 707 Deo
2192 690 2211 705 .
2254 690 2270 706 .
2316 691 2330 706 .
2377 641 2459 707 de

183 737 324 795 tota
365 737 553 805 terra,
581 750 732 794 cum
761 729 1050 793 aedificiis
1094 738 1162 794 et
1203 729 1350 794 aliis
1393 729 1829 813 pertinenciiS,
1856 749 2053 813 quam
2096 728 2339 793 habent
2377 750 2459 793 ex

185 817 533 882 donatione
607 817 878 887 Thomae.
949 816 1071 879 filii
1151 816 1432 881 Simonis
1509 817 1749 898 Beryer
1816 816 1899 881 de
1973 816 2409 900 Scardeburgo
2444 840 2461 882 :

186 904 624 969 Donationem
667 952 683 969 .
727 951 744 967 .
789 952 804 967 .
849 903 1348 987 resignationem
1391 910 1460 967 et
1501 904 1791 987 quietam
1835 902 2255 970 clamanciam
2297 922 2460 987 quas

188 992 413 1055 Simon
428 991 494 1055 le
517 991 776 1075 Beryer‚
797 988 969 1055 filius
992 991 1275 1055 Simonis
1295 990 1359 1055 le
1383 991 1621 1073 Beryer
1642 990 1723 1055 de
1741 990 2177 1074 Scardeburgo
2198 1039 2213 1054 .
2233 1039 2247 1054 .
2267 1039 2283 1055 .
2304 990 2465 1055 fecit

185 1078 332 1143 Deo
375 1126 392 1143 .
437 1126 454 1143 .
498 1125 515 1142 .
562 1077 643 1142 de
671 1084 812 1142 tota
840 1084 1011 1141 terra
1048 1077 1178 1153 illa,
1207 1097 1358 1141 cum
1402 1076 1691 1141 aedificiis
1736 1078 2177 1161 superpositis,
2205 1082 2271 1141 et
2314 1077 2461 1141 aliis

187 1164 625 1249 pertinenciis,
654 1163 727 1229 in
771 1164 930 1228 villa
981 1164 1062 1229 de
1115 1163 1595 1248 Scardeburghe
1644 1165 1717 1227 in
1768 1164 1957 1229 Novo
2002 1166 2217 1249 Burgo
2262 1185 2461 1249 quam

187 1252 421 1316 habuit
469 1272 552 1325 ex
610 1251 956 1315 donatione
1007 1251 1460 1335 praedictorum
1504 1251 1785 1316 Abbatis
1843 1257 1911 1315 et
1967 1251 2461 1317 monachorum:

185 1339 629 1404 Donationem
670 1339 935 1422 insuper
964 1358 1161 1421 quam
1189 1339 1466 1403 Thomas
1497 1339 1781 1423 Bergner
1808 1338 1949 1423 [sic]
1980 1388 1994 1402 .
2026 1388 2041 1403 .
2076 1388 2091 1403 .
2122 1338 2278 1403 fecit
2318 1338 2463 1403 Deo

187 1477 201 1491 .
251 1475 265 1489 .
312 1476 326 1491 .
373 1425 455 1490 de
501 1446 633 1491 uno
685 1425 988 1489 milliario
1035 1425 1116 1489 de
1159 1425 1362 1489 allece
1405 1426 1573 1489 ruffo
1623 1426 1965 1489 annuatim
2013 1425 2340 1491 reddendo
2390 1426 2461 1489 in

187 1513 347 1577 villa
405 1513 486 1577 de
545 1511 1062 1595 Soardeburghe:
1121 1512 1561 1577 Donationem
1619 1533 1781 1596 quas
1838 1514 2078 1597 Agnes,
2136 1512 2463 1596 quondam

187 1620 356 1664 uxor
405 1599 697 1681 Gregorii
742 1599 1070 1675 Caretarii‚
1114 1599 1272 1664 fecit
1321 1599 1460 1664 Deo
1505 1648 1520 1663 .
1566 1649 1583 1663 .
1627 1648 1643 1664 .
1689 1600 1771 1664 de
1820 1607 1960 1665 tota
2010 1608 2182 1665 terra
2231 1599 2349 1665 illa
2393 1600 2467 1664 in

185 1687 352 1751 villa
395 1687 475 1751 de
527 1687 1007 1770 Scartheburge‚
1055 1706 1204 1750 cum
1255 1686 1542 1751 aedificiis
1602 1692 1669 1751 et
1726 1687 2027 1751 omnibus
2072 1687 2218 1751 aliis
2268 1687 2467 1771 perti·

189 1774 460 1852 nenciiS,
492 1794 638 1857 quae
657 1774 832 1856 jacet
867 1774 939 1837 in
967 1773 1374 1857 longitudine
1403 1773 1575 1838 inter
1606 1780 1842 1838 terram
1874 1794 2019 1857 quae
2048 1774 2178 1838 fuit
2206 1774 2469 1839 Ricardi

191 1861 320 1926 filii
349 1860 680 1945 Radulphi
712 1860 1020 1925 Colsuain
1051 1868 1118 1924 et
1146 1860 1507 1924 chiminum
1535 1862 1807 1925 Domini
1837 1861 2050 1945 Regia,
2080 1870 2148 1925 et
2175 1861 2256 1927 de
2300 1860 2467 1925 tofto

192 1950 312 2013 illo
341 1948 514 2033 quod
535 1948 712 2030 jacet
732 1949 928 2031 juxta
959 1947 1301 2030 Hospitale
1330 1947 1390 2011 S.
1423 1947 1685 2012 Thomae
1722 1949 1794 2012 in
1838 1948 2063 2013 eadem
2093 1948 2271 2026 villa,
2298 1949 2471 2013 inter

191 2043 398 2101 terras
448 2036 741 2119 ejusdem
788 2034 1170 2118 Hospitalis,
1221 2042 1288 2099 et
1334 2034 1416 2099 de
1466 2035 1595 2099 alio
1646 2035 1815 2099 tofto
1864 2035 2039 2119 quod
2078 2035 2254 2117 jacet
2296 2036 2473 2100 inter

191 2130 431 2187 terram
460 2143 607 2205 quae
635 2124 764 2186 fuit
793 2122 1118 2207 Ingelram
1146 2121 1210 2185 le
1231 2121 1486 2185 Vacher
1507 2130 1576 2186 et
1602 2127 1841 2185 terram
1870 2142 2017 2205 quae
2043 2122 2175 2187 fuit,
2202 2122 2367 2187 Adae
2388 2122 2469 2187 de

195 2209 734 2294 Uggeswardeby‚
763 2216 833 2273 et
866 2210 946 2273 de
990 2210 1156 2274 tofto
1199 2208 1314 2272 illo
1365 2209 1481 2272 ubi
1523 2229 1779 2273 orreum
1821 2209 2115 2293 praedicti
2160 2210 2471 2294 Gregorii,

193 2297 524 2380 quondam
574 2296 701 2359 viri
749 2296 956 2380 ipsius
998 2296 1292 2381 Agnetis,
1337 2295 1538 2359 situm
1590 2293 1766 2382 [est]‚
1816 2316 1967 2360 cum
2018 2296 2469 2380 pertinenciis:

193 2384 633 2447 Donationem
659 2432 674 2447 .
724 2432 738 2449 .
783 2432 798 2446 .
829 2402 992 2467 quas
1020 2382 1299 2447 Thomas
1334 2382 1508 2446 filius
1537 2383 1801 2447 Thomae
1842 2382 1923 2448 de
1954 2382 2329 2448 Sculekotes
2356 2434 2371 2449 .
2406 2432 2421 2448 .
2451 2432 2467 2449 .

195 2470 354 2535 fecit
382 2470 524 2534 Deo
567 2518 584 2535 .
631 2520 646 2534 .
693 2518 708 2534 .
756 2470 835 2535 de
865 2470 1068 2533 libero
1098 2469 1392 2553 ingressu
1427 2475 1495 2533 et
1537 2490 1796 2553 egressu
1840 2491 1955 2553 per
1996 2490 2297 2554 magnam
2326 2490 2469 2554 por-

195 2564 334 2621 tam
364 2556 634 2640 lapideoe
662 2556 892 2621 domus
923 2556 1256 2620 Beverlaci
1294 2557 1367 2621 in
1395 2556 1841 2641 Flamangaria
1885 2578 2083 2641 quam
2129 2558 2345 2621 tenuit
2387 2556 2470 2623 de

191 2644 456 2719 eisdem,
487 2650 556 2707 et
583 2643 664 2707 de
698 2643 802 2707 via
827 2643 1032 2707 libera
1069 2644 1152 2707 ab
1182 2642 1405 2707 eadem
1436 2643 1627 2707 domo
1670 2664 1876 2727 usque
1920 2644 2003 2708 ad
2046 2664 2281 2729 aquam
2325 2664 2471 2727 quae

193 2731 398 2795 currit
417 2731 612 2813 juxta
639 2730 835 2795 finem
858 2730 1049 2793 fundi
1068 2730 1310 2813 ipsius:
1340 2730 1776 2795 Donationem
1808 2781 1820 2794 .
1851 2780 1867 2797 .
1900 2781 1913 2794 .
1945 2752 2107 2815 quas
2137 2733 2184 2796 J
2185 2733 2471 2796 ohannes

198 2817 374 2881 filius
403 2818 450 2882 J
452 2817 725 2882 ohannis
754 2817 1075 2881 Vinitoris
1121 2817 1200 2881 de
1241 2816 1587 2882 Beverlaco
1631 2866 1646 2881 .
1693 2868 1707 2883 .
1753 2867 1769 2881 .
1815 2818 1971 2882 fecit
2019 2819 2162 2883 Deo
2205 2868 2220 2883 .
2266 2867 2282 2884 .
2327 2868 2343 2884 .
2388 2819 2470 2885 de

197 2912 339 2969 tota
368 2905 556 2968 domo
585 2925 704 2969 sua
731 2903 987 2988 lapidea
1016 2904 1097 2969 de
1127 2902 1472 2969 Beverlaco
1499 2904 1573 2967 in
1602 2904 2065 2989 Flamengaria,
2094 2911 2163 2970 et
2190 2905 2272 2970 de
2300 2912 2472 2970 terra

197 2990 2473 3162 zzfflfflssssbffzsszffissssn&32313532353233sszffiuzffuffimvssffiffl

197 3172 267 3229 et
295 3164 378 3229 de
409 3166 656 3230 caeteris
703 3166 1100 3229 aisiamentis
1147 3165 1218 3228 in
1264 3164 1488 3229 eadem
1536 3172 1717 3229 curte
1763 3166 1933 3231 sicut
1978 3167 2073 3231 eis
2120 3166 2472 3250 placuerit:

191 3252 634 3316 Donationem
661 3300 678 3317 .
707 3302 722 3317 .
756 3301 771 3317 .
803 3272 964 3336 quas
1002 3252 1281 3316 Thomas
1331 3251 1413 3316 de
1460 3252 1835 3317 Skulecotes
1865 3303 1879 3318 .
1909 3304 1923 3318 .
1957 3304 1971 3317 .
2003 3254 2161 3317 fecit
2188 3254 2330 3319 Deo
2360 3304 2377 3321 .
2405 3304 2422 3320 .
2455 3304 2472 3321 .

194 3339 278 3403 de
333 3344 469 3403 toto
521 3339 635 3403 illo
679 3340 898 3416 croft0‚
927 3359 1079 3404 cum
1121 3338 1558 3422 pertinenciis,
1588 3339 1759 3422 quod
1805 3340 2020 3404 tenuit
2062 3340 2144 3405 de
2185 3340 2473 3405 Domino

191 3426 569 3503 Benedict0‚
597 3428 793 3491 fratre
821 3446 956 3503 su0,
985 3426 1160 3510 apud
1191 3426 1646 3490 Beverlacum:
1677 3426 2113 3491 Donationem
2142 3476 2157 3494 .
2202 3476 2217 3492 .
2264 3477 2279 3492 .
2310 3448 2471 3513 quas

192 3511 607 3590 Hamelinus,
636 3514 940 3578 Decanus
971 3512 1050 3577 de
1076 3512 1354 3577 Jerburc
1385 3510 1528 3599 [sio]
1562 3519 1629 3577 et
1658 3512 1951 3591 Mabilla,
1978 3534 2143 3578 uxor
2170 3514 2329 3597 ejuS,
2358 3564 2373 3581 .
2407 3564 2423 3580 .
2456 3566 2469 3581 .

192 3601 494 3665 fecerunt
523 3600 664 3665 Deo
701 3648 716 3665 .
757 3648 774 3665 .
813 3650 828 3666 .
858 3600 940 3665 de
971 3620 1101 3663 uno
1131 3599 1313 3675 tofto,
1342 3620 1492 3664 cum
1521 3600 1955 3682 pertinenciis,
1984 3602 2057 3664 in
2088 3602 2469 3667 Beverlaco:

193 3686 639 3752 Donationem
680 3736 695 3751 .
745 3732 762 3751 .
809 3736 824 3751 .
871 3707 1032 3770 quas
1061 3686 1292 3762 Alicia,
1322 3686 1456 3751 filia
1489 3686 1823 3751 Hamelini
1852 3688 2115 3766 Decani,
2145 3689 2303 3754 feeit
2328 3690 2473 3754 Deo

195 3781 266 3838 et
309 3774 646 3838 monachis
689 3774 1014 3857 praedictis
1045 3773 1126 3837 de
1155 3781 1292 3838 tota
1321 3782 1506 3851 term,
1536 3794 1685 3838 cum
1714 3776 2149 3858 pertinenciis,
2170 3797 2317 3861 quae
2346 3777 2474 3841 fuit

196 3860 530 3937 Alveredi,
559 3862 670 3925 avi
717 3862 838 3935 sui,
885 3861 956 3924 in
985 3861 1346 3937 Beverla00‚
1398 3862 1692 3944 proxima
1743 3862 1965 3926 domui
2012 3864 2472 3929 monachorum

196 3948 676 4032 praedictorum,
703 3968 854 4012 cum
882 3947 1023 4030 ipso
1050 3947 1318 4031 gardino
1348 3954 1414 4011 et
1442 3948 1700 4013 fossatis
1736 3949 2216 4014 circueuntibus
2254 3952 2473 4035 ipsum

195 4035 584 4119 gardinum:
658 4034 1094 4099 Donationem
1157 4054 1320 4118 quas
1380 4033 1702 4099 Robertus
1759 4035 1842 4100 de
1900 4036 2241 4114 Stutevile,
2296 4037 2473 4103 filius

195 4121 524 4187 Willelmi
573 4121 654 4186 de
695 4121 1014 4186 Stutevile
1055 4170 1071 4185 .
1117 4171 1136 4186 .
1179 4170 1194 4185 .
1238 4121 1394 4185 fecit
1445 4121 1587 4186 Deo
1632 4173 1645 4186 .
1694 4170 1709 4185 .
1754 4172 1769 4187 .
1815 4122 1897 4187 de
1948 4144 2165 4189 annuo
2214 4124 2474 4189 redditu

195 4208 490 4273 dimidiae
532 4228 780 4284 marcae,
823 4208 1097 4292 singulis
1135 4208 1324 4273 annis
1351 4209 1829 4292 imperpetuum
1859 4210 2269 4295 percipiendo
2298 4210 2473 4294 apud

197 4316 320 4361 nos
380 4316 497 4378 per
559 4315 830 4360 manum
887 4294 1116 4359 ballivi
1174 4295 1312 4361 sive
1369 4296 1700 4379 praepositi
1763 4296 1970 4380 ipsius
2034 4298 2315 4374 Roherti,
2367 4296 2474 4363 vel

196 4382 535 4449 haeredum
563 4402 865 4447 suorum:
910 4382 1343 4446 Donationem
1386 4430 1402 4446 .
1447 4431 1462 4447 .
1508 4431 1524 4445 .
1571 4402 1733 4466 quas
1763 4383 1960 4468 Hugo
2000 4384 2105 4449 del
2134 4384 2332 4449 Tuhit
2358 4433 2375 4449 .
2408 4434 2423 4449 .
2454 4432 2470 4451 .

194 4470 362 4535 fecit
396 4469 540 4535 Deo
585 4520 600 4534 .
646 4520 660 4533 .
706 4519 722 4534 .
768 4469 850 4533 de
901 4468 1066 4533 xviii
1114 4469 1448 4554 perticatis
1497 4468 1571 4533 in
1622 4469 1970 4535 latitudine
2026 4471 2096 4535 in
2155 4480 2342 4555 prato
2391 4471 2475 4537 de
