3075 5009
561 506 642 567 37
649 506 688 565 4
1215 516 1693 567 GARTULARIUM
1720 516 2186 565 manumissa.

557 673 946 749 decesserint,
975 693 1101 736 non
1141 675 1259 738 sub
1287 674 1745 755 privilegiorum
1781 681 2130 735 nostrorum
2157 674 2621 753 quibuscunque
2664 672 2869 733 indul·

556 762 764 817 torum
791 756 1066 830 obtentu,
1098 776 1209 817 nec
1250 756 1363 818 sub
1405 756 1524 817 alia
1592 775 1953 837 quacunque
1987 756 2316 832 occasione,
2347 762 2457 817 aut
2484 754 2722 816 oblatio
2750 773 2867 834 pro

558 838 647 900 eis
675 838 799 913 fiat,
830 844 940 899 aut
967 838 1130 900 inter
1155 836 1537 899 Christianos
1566 838 1867 917 accipiant
1894 837 2285 916 sepulturam.

639 1014 732 1073 26.
808 1028 1042 1075 XXXIV.
1115 1012 1212 1075 De
1275 1012 1787 1074 Brabantionibus
1855 1019 1922 1073 et
1973 1011 2517 1093 Arragonensibus,
2574 1009 2863 1083 Navaris,

555 1092 904 1177 Dascul[is],
927 1103 991 1155 et
1007 1094 1341 1169 Coterellis,
1362 1096 1470 1175 qui
1487 1103 1732 1155 tantum
1748 1094 1812 1154 in
1831 1093 2211 1155 Christianos
2228 1093 2675 1153 immanitatem
2695 1112 2863 1152 exer·

557 1182 712 1251 cent,
757 1184 832 1235 ut
871 1196 982 1237 nec
1025 1176 1290 1237 ecclesiis
1331 1196 1442 1238 nec
1485 1175 1866 1237 monasteriis
1908 1174 2190 1235 deferant
2218 1172 2363 1257 [sic],
2393 1193 2507 1234 nec
2546 1172 2754 1235 viduis
2798 1180 2865 1234 et

555 1256 824 1335 pupillis,
876 1277 1000 1318 non
1057 1258 1262 1338 pueris
1311 1265 1375 1319 et
1427 1258 1691 1332 senibus,
1743 1277 1855 1318 nec
1910 1257 2164 1318 cuilibet
2218 1262 2469 1335 parcant
2522 1256 2697 1315 aetati
2750 1262 2863 1314 aut

557 1338 751 1414 sexui,
783 1345 876 1399 set
904 1358 1069 1399 more
1096 1358 1472 1419 paganorum
1500 1340 1705 1400 omnia
1730 1338 1990 1418 perdant
2016 1345 2081 1399 et
2108 1345 2352 1398 vastent
2391 1335 2692 1409 similiter,
2726 1355 2867 1395 con·

556 1419 872 1481 stituimus
913 1428 986 1480 ut
1023 1420 1141 1500 ipsi
1183 1420 1288 1499 qui
1330 1439 1432 1481 eos
1473 1420 1897 1495 conduxerint,
1928 1420 2027 1480 vel
2068 1420 2398 1492 tenuerint,
2426 1416 2527 1479 vel
2570 1417 2859 1491 foverint,

557 1520 668 1580 per
693 1501 970 1581 regiones
997 1501 1062 1562 in
1090 1500 1314 1581 quibus
1353 1500 1563 1563 taliter
1603 1500 1791 1563 debac
1820 1499 2155 1584 [ch]antur,
2184 1500 2249 1561 in
2277 1498 2600 1561 dominicis
2628 1506 2697 1560 et
2723 1498 2860 1558 aliis

557 1580 772 1644 diebus
828 1582 1264 1662 sollempnibus
1318 1583 1384 1643 in
1439 1582 1706 1644 ecclesiis
1766 1581 2273 1643 excommunicati
2340 1579 2584 1661 publice
2638 1580 2861 1641 menti-

559 1672 841 1739 onentur,
871 1671 936 1725 et
977 1664 1191 1725 eadem
1239 1664 1487 1725 omnino
1529 1664 1837 1725 sententia
1877 1672 1941 1725 et
1980 1683 2161 1743 poena
2201 1683 2339 1723 cum
2369 1660 2675 1742 praedictis
2704 1661 2861 1721 haer-

558 1746 732 1807 eticis
759 1745 1100 1807 habeantur
1125 1746 1359 1806 astricti
1371 1766 1390 1821 ;
1417 1765 1528 1807 nec
1552 1745 1629 1807 ad
1658 1745 2144 1806 communionem
2170 1745 2289 1806 reci
2334 1744 2539 1804 iantur
2554 1742 2857 1817 Ecclesiae,

559 1826 678 1887 nisi
705 1826 994 1887 societate
1037 1824 1142 1888 illa
1183 1826 1474 1907 pestifera
1514 1834 1579 1888 et
1624 1826 1843 1887 haeresi
1884 1826 2197 1903 abjuratis.
2376 1825 2616 1885 laxatos
2649 1832 2860 1884 autem

557 1927 622 1968 se
661 1908 947 1969 noverint
979 1928 1017 1969 a
1052 1907 1261 1969 debito
1304 1908 1619 1969 fidelitatis
1668 1927 1778 1969 seu
1818 1908 2133 1987 homagii,¹
2173 1913 2280 1967 aut
2322 1906 2513 1967 totius
2556 1905 2857 1983 obsequii,

558 1988 751 2050 donec
776 1988 844 2049 in
872 1995 1047 2050 tanta
1071 1988 1398 2070 iniquitate
1439 1990 1901 2069 permanserint,
1934 1989 2279 2069 quicunque
2306 1987 2429 2048 illis
2458 1986 2666 2065 aliquo
2694 1986 2861 2047 facto

557 2076 851 2131 tenentur
877 2071 1118 2131 annexi.
1205 2070 1361 2149 Ipsis
1403 2079 1626 2145 autem,
1657 2071 2009 2149 cunctisque
2037 2070 2319 2131 fidelibus
2346 2070 2412 2130 in
2438 2066 2859 2129 remissionem

557 2150 936 2230 injungimus
964 2158 1362 2231 peccatorum,
1397 2160 1468 2213 ut
1500 2152 1693 2213 tantis
1734 2152 2008 2213 cladibus
2050 2150 2313 2211 viriliter
2338 2170 2401 2213 se
2430 2151 2765 2229 opponant,
2796 2156 2860 2209 et

560 2239 773 2293 contra
821 2252 924 2293 eos
969 2233 1153 2293 armis
1201 2241 1493 2294 tueantur
1539 2232 1831 2313 populum
1880 2232 2315 2294 Christianum.
2430 2230 2863 2293 Confiscentur

559 2332 802 2393 quoque
850 2314 1012 2376 bona
1058 2334 1284 2389 eorum,
1333 2314 1473 2457 {13}
1522 2324 1588 2376 et
1640 2314 1901 2375 liberum
1956 2314 2038 2373 sit
2084 2312 2457 2393 principibus
2504 2311 2859 2391 hujusmodi

559 2395 916 2473 pestilentes
943 2395 1220 2457 homines
1261 2416 1333 2457 su
1375 2397 1561 2477 jicere
1601 2395 1869 2457 sevituti.
1959 2395 2079 2470 Qui
2120 2403 2329 2456 autem
2368 2394 2433 2455 in
2470 2412 2619 2454 vera
2643 2394 2861 2472 poenit-

561 2477 729 2537 entia
795 2476 883 2537 ibi
937 2476 1322 2552 decesserint,
1382 2485 1447 2539 et
1499 2485 1886 2557 peccatorum
1954 2475 2401 2557 indulgentiam
2468 2482 2533 2536 et
2586 2474 2859 2535 fructum

560 2557 856 2619 mercedis
896 2566 1138 2620 aeternae
1165 2578 1230 2619 se
1255 2578 1382 2620 non
1411 2558 1697 2620 dubitent
1736 2558 2069 2619 habituros.
2156 2556 2286 2618 Nos
2315 2556 2501 2619 etiam
2528 2555 2607 2617 de
2634 2555 2863 2617 miseri-

561 2638 769 2700 cordia
813 2638 948 2714 Dei,
1001 2646 1066 2700 et
1119 2640 1242 2701 BB.
1303 2640 1476 2701 Petri
1531 2647 1595 2701 et
1642 2639 1821 2701 Pauli
1876 2639 2238 2700 auctoritate
2294 2637 2524 2711 confisi,
2575 2637 2857 2698 fidelibus

561 2719 925 2781 Christianis
987 2720 1051 2782 ui
1072 2729 1285 2782 contra
1309 2742 1412 2783 eos
1439 2740 1609 2781 arma
1636 2720 2024 2800 susceperint,
2050 2727 2114 2782 et
2140 2720 2221 2780 ad
2248 2718 2705 2799 Episcoporum,
2731 2718 2857 2779 sive

561 2800 796 2862 alorum
831 2802 968 2863 Prae
993 2810 1232 2863 storum
1270 2802 1604 2877 consilium,
1638 2800 1717 2863 ad
1758 2822 1861 2863 eos
1904 2801 2354 2863 decertaverint
2394 2798 2856 2880 expugnandoe,

559 2882 876 2943 biennium
901 2882 980 2943 de
1007 2883 1287 2963 injuncta
1327 2884 1690 2965 poenitentia
1730 2883 2108 2945 relaxamus:
2150 2890 2259 2943 aut
2298 2883 2351 2943 si
2390 2882 2731 2961 longiorem
2772 2880 2855 2941 ibi

558 2984 792 3025 moram
821 2964 1164 3039 habuerint,
1193 2965 1632 3045 Episcoporum
1659 2964 2010 3026 discretioni
2025 2966 2051 3004 ²
2093 2964 2315 3043 quibus
2356 2963 2545 3043 hujus
2584 2963 2676 3024 rei
2716 2982 2857 3023 cura

561 3044 750 3106 fuerit
798 3044 1096 3125 injuncta,
1142 3048 1595 3122 committimus,
1646 3053 1719 3108 ut
1758 3046 1837 3107 ad
1886 3065 2097 3108 eorum
2144 3044 2487 3121 arbitrium,
2518 3044 2855 3105 secundum

560 3125 810 3187 modum
849 3126 1092 3201 laboris,
1123 3129 1320 3207 major
1358 3128 1446 3190 eis
1493 3128 1877 3208 indulgentia
1917 3128 2240 3189 tribuatur.
2326 3125 2474 3186 Illos
2516 3135 2723 3187 autem
2751 3124 2857 3204 qui

559 3206 962 3268 admonitioni
1011 3207 1446 3288 Episcoporum
1487 3210 1553 3270 in
1600 3208 1956 3288 hujusmodi
2008 3227 2220 3287 parere
2274 3206 2771 3286 contempserint,
2820 3226 2857 3267 a

607 3288 949 3367 erceptione
993 3288 1280 3369 Corporis
1324 3298 1388 3352 et
1438 3290 1763 3371 Sanguinis
1811 3289 2064 3350 Domini
2104 3288 2387 3369 jubemus
2435 3288 2567 3349 fieri
2608 3288 2851 3350 alienos.

559 3308 821 3431 {nterim
849 3389 970 3445 eos,
1001 3390 1162 3447 vero,
1196 3372 1302 3451 qui
1344 3372 1560 3433 ardore
1608 3372 1751 3433 fidei
1793 3371 1872 3433 ad
1916 3370 2394 3451 expugnandum
2436 3389 2540 3431 eos
2584 3368 2855 3431 laborem

559 3450 751 3513 istum
778 3453 1228 3529 assumpserint,
1259 3452 1417 3514 sicut
1456 3473 1559 3515 eos
1601 3452 1707 3532 qui
1734 3452 2135 3532 Sepulchrum
2161 3450 2413 3512 Domini
2441 3451 2714 3527 visitant,
2744 3450 2859 3511 sub

561 3531 846 3595 Ecclesiae
873 3531 1225 3595 defensione
1253 3535 1594 3614 recipimus,
1614 3541 1679 3596 et
1705 3535 1783 3595 ab
1810 3533 2112 3595 universis
2143 3532 2710 3611 inquietationibus,
2731 3540 2859 3592 tam

561 3614 630 3675 in
677 3614 858 3676 rebus
903 3634 1089 3693 quam
1136 3614 1203 3675 in
1249 3617 1539 3695 personis,
1571 3615 1897 3677 statuimus
1944 3634 2189 3677 manere
2230 3632 2489 3675 securos.
2602 3613 2673 3675 Si
2714 3633 2855 3675 vero

563 3695 887 3775 quisquam
915 3695 1161 3757 interim
1202 3716 1305 3758 eos
1345 3697 1668 3759 molestare
1710 3695 2176 3777 praesumpserit,
2208 3715 2317 3775 per
2342 3694 2715 3775 Episcopum
2740 3694 2857 3755 loci

561 3778 1203 3840 excommunicationis
1230 3779 1535 3840 sententia
1560 3778 1833 3852 feriatur,
1866 3786 1931 3839 et
1966 3776 2203 3839 tamdiu
2229 3777 2537 3838 sententia
2562 3776 2643 3837 ab
2671 3776 2859 3837 omni·

560 3857 676 3919 bus
697 3858 1056 3920 observetur
1073 3858 1268 3921 donec
1287 3860 1494 3922 ablata
1509 3859 1862 3934 reddantur,
1888 3867 1952 3921 et
1968 3858 2045 3920 de
2066 3857 2254 3920 illatis
2282 3858 2567 3937 dampnis
2595 3876 2859 3938 congrue

562 3940 868 4017 satisfiat-⁰*
947 3939 1002 4000 E
1043 3940 1232 4020 iscopi
1280 3962 1440 4017 vero,
1471 3942 1599 4003 sive
1649 3942 1971 4021 presbiteri
2018 3940 2126 4020 qui
2172 3939 2398 4001 talibus
2440 3938 2690 4000 fortiter
2734 3958 2857 4000 non

560 4020 919 4097 restiterint,
949 4040 986 4082 o
1050 4021 1128 4082 cii
1155 4022 1248 4084 sui
1285 4024 1681 4103 suspensione
1722 4022 2115 4096 mulctentur,
2147 4021 2341 4082 donec
2380 4019 2857 4082 misericordiam

560 4102 930 4183 Apostolicae
959 4102 1136 4165 Sedis
1165 4104 1498 4185 optineant.

647 4268 742 4328 27.
803 4280 1014 4328 xxxv.
1080 4266 1602 4349 Reprehensibilis
1671 4264 1851 4329 valde
1914 4263 2292 4326 consuetudo
2359 4264 2426 4324 in
2491 4262 2860 4342 quibusdam

559 4346 838 4427 partibus
883 4348 1156 4425 inolevit,
1186 4355 1261 4410 ut
1308 4369 1445 4411 cum
1493 4348 1713 4411 iratres
1743 4355 1808 4412 et
1833 4346 2214 4427 Co-cpiscopi
2253 4344 2463 4421 nostri,
2494 4364 2607 4407 seu
2646 4344 2860 4407 Archi·

887 4474 908 4510 ²
939 4474 1198 4529 Homini&
1269 4478 1382 4530 But
1402 4478 1635 4545 homaqz'i
1656 4478 1703 4531 is
1724 4495 1759 4531 a
1781 4494 1927 4529 more
1950 4476 2207 4545 probable
2227 4474 2463 4542 reading.

887 4541 909 4574 ²
939 4542 1264 4595 Discreta'ora‘.
1916 4542 1938 4576 ⁸
1969 4543 2245 4608 Satisfiati.
