3075 5009
559 444 688 505 390
1216 454 1691 503 marasmon
1722 454 2182 503 mum-mss..

557 611 678 674 bile
719 612 1087 675 esteverium
1133 631 1312 674 suum
1357 612 1424 673 in
1465 610 1665 674 boscis
1710 610 1731 671 i
1842 630 1979 672 rum
2026 610 2282 671 Roberti
2324 619 2391 673 et
2438 609 2739 681 Isabellae,
2788 618 2853 671 et

555 692 867 755 haeredum
899 695 1090 773 ipsius
1119 693 1392 755 Isabellae
1431 738 1448 755 .
1493 739 1508 755 .
1554 738 1571 755 .
1616 692 1682 755 in
1772 692 2104 772 tainburgh
2139 692 2218 752 ad
2256 692 2747 753 comburendum
2786 690 2851 751 in

555 776 811 855 grangia
843 775 1032 855 ipsius
1059 775 1320 837 Abbatis
1347 783 1413 837 et
1446 793 1856 836 successorum
1894 794 2141 835 suorum
2181 774 2259 834 de
2302 773 2729 853 Falgthwaytl
2774 772 2851 833 de

557 856 736 935 lignis
765 855 937 917 siccis
955 864 1020 917 et
1050 856 1309 936 putridis
1334 864 1578 917 tuntum
1598 878 1617 931 3
1653 863 1717 916 et
1736 854 1897 934 quod
1928 854 2195 917 habeant
2222 854 2481 915 liberum
2508 856 2853 933 ingressum

557 946 623 998 et
647 957 954 1017 egressum
981 937 1329 999 hominibus
1350 946 1416 999 et
1439 936 1800 997 animalibus
1822 936 1947 997 suis
1972 936 2053 997 ad
2082 936 2433 1015 praedictam
2460 954 2853 997 communem

557 1025 820 1097 pasturae
846 1018 924 1080 de
952 1018 1344 1099 Stainburgln
1374 1018 1506 1079 sine
1546 1017 1983 1097 impedimento
2025 1018 2451 1097 praedictorum
2494 1017 2759 1079 Roberti
2788 1024 2853 1077 et

555 1098 845 1174 Isabellae,
877 1112 940 1162 et.
967 1100 1276 1162 haeredum
1305 1100 1496 1179 ipsius
1536 1098 1827 1172 Isabeuae,
1858 1108 1923 1160 et
1964 1098 2277 1159 hominum
2318 1118 2585 1171 suorum,
2632 1099 2853 1177 imper-

555 1190 826 1261 petuum.
897 1181 982 1242 Et
1007 1181 1168 1243 idem
1197 1181 1406 1243 Abbas
1433 1180 1665 1260 recepit
1690 1180 2013 1259 praedictos
2042 1180 2379 1241 Robertum
2408 1190 2473 1243 et
2500 1180 2849 1253 babellum,

555 1270 620 1323 et
646 1262 916 1324 hoeredes
945 1263 1134 1341 ipsius
1175 1262 1465 1337 Isabellae,
1495 1263 1563 1322 in
1589 1261 1845 1341 singulis
1874 1262 2181 1322 beneficiis
2208 1273 2275 1321 et
2300 1262 2683 1323 orationibus
2710 1280 2853 1340 quae

553 1343 631 1405 de
658 1352 876 1405 caetero
903 1344 1054 1405 fient
1078 1345 1144 1406 in
1172 1343 1439 1405 Ecclesia
1463 1363 1575 1405 sua
1600 1342 1677 1405 de
1704 1342 1977 1404 Rievalle
2005 1343 2469 1422 imperpetuum.

638 1501 734 1560 59.
781 1497 1028 1581 [Coram
1061 1499 1246 1581 Rege.
1319 1499 1509 1561 Henr.
1544 1514 1636 1560 111.
1705 1498 1909 1583 1239}
1944 1500 2061 1562 No.
2094 1502 2191 1571 32,
2221 1519 2301 1561 m.
2340 1501 2433 1560 11.
2466 1499 2723 1563 Easter:
2770 1502 2849 1560 23

553 1578 744 1645 Henr.
789 1580 914 1665 111.]
997 1581 1178 1643 Ebor.
1261 1582 1555 1661 Rogerus,
1586 1580 1687 1643 Ab
1730 1601 1795 1641 as
1823 1579 1902 1642 de
1938 1580 2295 1657 Rivsllibus,
2328 1601 2436 1661 per
2462 1590 2853 1641 attornatum

551 1681 728 1722 suum
769 1662 996 1741 optulit
1022 1682 1206 1759 seii-1⁶1
1233 1662 1334 1725 die
1374 1683 1587 1725 versus
1621 1662 1992 1724 willelmum
2018 1662 2097 1723 de
2138 1661 2265 1723 Ros
2305 1662 2383 1723 de
2424 1662 2651 1742 placito
2678 1662 2851 1741 quod

550 1834 859 1885 carucatas
901 1833 1078 1885 terrae
1117 1870 1136 1887 .
1181 1871 1194 1888 .
1239 1872 1254 1886 .
1301 1826 1365 1885 in
1393 1826 1721 1900 Blestona,
1754 1834 1817 1885 et
1845 1844 2225 1887 communem
2266 1834 2532 1904 pasturae
2572 1834 2639 1885 et
2678 1825 2853 1887 bosci

549 1905 614 1966 in
643 1904 1003 1967 Helmelske
1043 1914 1109 1967 et
1146 1905 1438 1979 Pokhele,
1467 1927 1607 1986 quae
1633 1914 1807 1967 tenet
1830 1917 1895 1966 et
1920 1906 1999 1967 de
2032 1925 2119 1980 eo,
2152 1916 2283 1981 etc,
2316 1918 2381 1967 et
2420 1906 2585 1969 unde
2614 1916 2851 1967 cartam

548 1985 803 2047 Roberti
845 1988 922 2048 de
963 1987 1104 2060 Ros,
1149 1988 1342 2067 patris
1380 1989 1571 2069 ipsius
1602 1986 1909 2061 Willelmi,
1954 1987 2129 2066 cujus
2172 1987 2361 2048 haeres
2402 1998 2513 2059 est,
2558 1997 2673 2048 etc.
2766 1987 2853 2049 Et

551 2067 895 2131 Willelmus
915 2088 1040 2129 non
1059 2070 1232 2131 venit
1247 2077 1358 2131 etc.
1419 2069 1501 2131 Et
1517 2070 1924 2130 summonitus
1940 2076 2051 2130 etc.
2074 2068 2393 2149 judicium.
2444 2068 2851 2131 Attachiatus

547 2149 714 2228 quod
740 2150 824 2211 sit
849 2170 886 2210 a
912 2151 1012 2213 die
1040 2150 1098 2211 S.
1132 2149 1448 2213 Michaelis
1474 2151 1540 2211 in
1568 2170 1759 2211 unum
1787 2170 2073 2221 mensem,
2104 2159 2217 2211 etc.

632 2307 730 2367 60.
774 2305 951 2388 [Feet
992 2307 1058 2367 of
1100 2307 1299 2369 Fines.
1345 2307 1524 2370 Ebor.
1578 2310 1781 2383 20-24,
1826 2306 2015 2368 Henr.
2064 2321 2159 2368 111.
2211 2306 2445 2401 [1240],
2498 2306 2616 2369 No.
2676 2306 2848 2391 lea]

550 2385 697 2447 Haec
720 2396 815 2449 est
853 2434 870 2449 .
917 2436 931 2450 .
977 2434 992 2451 .
1035 2388 1202 2467 apud
1230 2389 1432 2463 Ebor.,
1454 2389 1520 2450 in
1550 2390 1813 2449 crastino
1834 2388 1895 2449 S.
1921 2387 1965 2449 J
1967 2388 2225 2450 ohannis
2252 2388 2564 2467 Baptistae,
2587 2388 2673 2449 A·
2692 2408 2739 2449 r.
2770 2388 2843 2450 R.

548 2466 736 2529 Henr.
769 2484 864 2529 111.
896 2468 958 2529 vi
1001 2470 1188 2531 esimo
1215 2480 1451 2549 quarto,
1483 2490 1684 2531 coram
1713 2470 1983 2532 Roberto
2010 2470 2088 2531 de
2116 2470 2477 2543 Lexintona,
2510 2470 2847 2549 Radulpho

546 2548 624 2611 de
657 2548 921 2629 Sulleye,
1034 2550 1259 2613 illelmo
1295 2551 1373 2614 de
1415 2551 1823 2625 Culewurthe,
1866 2551 2114 2613 Jollano
2150 2552 2229 2612 de
2271 2551 2533 2623 Neville‚
2571 2551 2846 2613 Roberto

546 2629 625 2691 de
665 2630 861 2709 Haya,
907 2631 1152 2693 Simone
1193 2632 1272 2694 de
1315 2632 1521 2707 Hales,
1568 2643 1633 2695 et
1657 2631 1955 2694 Warnero
1983 2632 2061 2694 de
2099 2633 2410 2712 Engayne‚
2450 2633 2843 2707 Justiciariis,

547 2710 721 2773 Inter
755 2712 1058 2775 Matillam
1093 2714 1279 2775 filiam
1312 2714 1623 2790 willelmi,
1670 2722 2002 2794 petentem,
2041 2722 2107 2775 et
2147 2714 2365 2787 Adam,
2409 2715 2716 2776 Abbatem
2764 2714 2842 2776 de

547 2792 798 2868 Rivalle,
851 2802 1180 2870 tenent-em,
1234 2795 1312 2857 de
1359 2816 1483 2857 una.
1529 2816 1669 2857 acra
1717 2797 1880 2875 prati
1920 2842 1935 2858 .
1982 2842 1996 2857 .
2042 2842 2079 2869 .‚
2110 2795 2174 2856 in
2217 2796 2633 2876 Mensington,
2676 2796 2843 2857 unde

547 2872 838 2953 placitum
864 2876 986 2936 fuit
1013 2877 1175 2937 inter
1202 2897 1304 2939 eos
1332 2877 1397 2938 in
1419 2876 1632 2938 eadem
1654 2875 2068 2951 Curia—scil„
2091 2877 2256 2956 quod
2282 2876 2575 2955 praedicta
2596 2876 2845 2938 Matina

547 2956 780 3016 remisit
805 2965 870 3017 et
887 2957 1163 3035 quietum
1184 2957 1470 3019 clamavit
1487 2957 1567 3020 de
1595 2978 1658 3019 se
1686 2967 1752 3019 et
1779 2958 2119 3019 haeredibus
2144 2957 2270 3019 suis
2297 2957 2588 3037 praedicto
2607 2957 2841 3019 Abbati

545 3043 612 3097 et
649 3081 664 3097 .
713 3084 726 3098 .
773 3083 788 3099 .
832 3037 1112 3099 Ecclesiae
1139 3059 1264 3101 suae
1291 3040 1369 3101 de
1397 3040 1636 3101 Rivalle
1665 3048 1866 3101 totum
1893 3040 1995 3118 jus
2024 3046 2087 3101 et
2113 3039 2396 3101 clamium
2424 3038 2593 3118 quod
2620 3039 2843 3101 habuit

546 3117 610 3178 in
660 3126 792 3179 toto
875 3119 1124 3181 raedicto
1165 3129 1341 3199 prato
1384 3168 1398 3182 .
1444 3169 1459 3183 .
1504 3166 1521 3182 .
1567 3121 1717 3195 scil„
1758 3121 1824 3182 in
1866 3130 1998 3182 toto
2048 3128 2222 3199 preto
2310 3121 2429 3181 uod
2470 3122 2636 3199 jacet
2678 3121 2841 3183 inter

546 3206 788 3277 pratum
878 3201 1066 3261 omini
1094 3201 1172 3262 de
1203 3201 1508 3282 Burgeley
1537 3212 1602 3264 et
1640 3210 1885 3283 pratum
1926 3202 2097 3263 Petri
2139 3201 2249 3262 filii
2360 3201 2595 3275 illelmi,
2622 3204 2837 3283 imper-

545 3288 814 3359 petuum.
899 3280 982 3342 Et
1011 3302 1119 3362 pro
1141 3282 1252 3343 hac
1293 3283 1647 3346 remissione
1691 3329 1708 3346 .
1750 3328 1765 3345 .
1810 3330 1824 3345 .
1871 3283 2038 3345 idem
2063 3282 2273 3345 Abbas
2312 3282 2489 3345 dedit
2530 3284 2837 3363 praedictae

544 3360 801 3423 Matinae.
827 3360 850 3421 i
878 3383 1141 3425 marcam
1169 3366 1427 3444 argenti.

628 3518 722 3577 61.
768 3517 948 3600 [Feet
992 3518 1057 3580 of
1083 3518 1281 3581 Fines.
1365 3518 1546 3583 Ebor.
1635 3522 1817 3581 25-30
1858 3516 2047 3580 Henr.
2092 3532 2189 3579 111.
2236 3516 2423 3601 [1240
2454 3566 2469 3593 ,
2514 3518 2631 3581 No,
2668 3518 2833 3603 201.]

545 3596 693 3659 Haec
723 3608 817 3660 est
857 3645 872 3661 .
919 3646 932 3661 .
981 3646 996 3660 .
1042 3600 1204 3681 apud
1232 3601 1434 3677 Ebor.,
1458 3602 1523 3663 in
1552 3602 1801 3663 octabus
1830 3600 1889 3662 S.
1922 3600 2185 3675 Hillarii‚
2214 3604 2297 3660 A⁰
2323 3621 2367 3662 r.
2508 3600 2701 3661 Henr.
2738 3616 2831 3662 111.

541 3676 777 3820 glank}
867 3680 1086 3743 Coram
1159 3682 1274 3743 The
1319 3702 1470 3745 same
1515 3682 1756 3745 Justim
1802 3702 1868 3743 as
1920 3682 1985 3741 in
2030 3681 2143 3742 No.
2194 3680 2320 3763 60]‚
2378 3680 2552 3742 Inter
2607 3681 2829 3755 Adam,

603 3760 850 3821 bbatem
877 3762 953 3824 de
981 3762 1100 3823 Riv
1187 3784 1237 3841 e,
1270 3774 1644 3845 querentem,
1675 3772 1740 3825 et
1766 3763 2105 3825 Robertum
2133 3762 2211 3823 de
2240 3762 2605 3843 Sproxtona,
2637 3764 2831 3826 defor-

543 3840 822 3917 ciantem,
864 3843 944 3903 de
980 3864 1301 3906 commune.
1337 3854 1600 3925 pasturae
1644 3846 1709 3906 in
1752 3844 2084 3918 Oustscow,
2130 3853 2195 3905 et
2236 3844 2377 3905 inde
2419 3844 2581 3905 idem
2626 3846 2831 3907 Abba-s

541 3932 792 4005 questus
832 3924 954 3985 fuit
981 3925 1141 4004 quod
1183 3926 1508 4007 praedictus
1547 3927 1851 3989 Robertus
1888 3946 2011 3985 non
2054 3927 2328 4005 permisit
2363 3925 2565 4005 ipsum
2607 3925 2829 3989 hebere

541 4024 923 4067 communem
965 4006 1029 4067 in
1071 4006 1387 4070 Oustscow
1427 4029 1613 4089 quam
1653 4009 1719 4069 in
1760 4028 1832 4068 ea
1874 4007 2098 4068 habere
2140 4006 2340 4078 debet,
2392 4008 2626 4068 ratione
2666 4017 2830 4069 tene-

539 4087 733 4147 menti
772 4087 869 4148 sui
910 4088 992 4147 in.
1011 4086 1181 4149 West
1205 4088 1542 4153 Newtona:
1599 4089 1682 4150 Et
1722 4088 1886 4150 unde
1927 4088 2219 4167 placitum
2262 4088 2380 4148 fuit
2421 4090 2584 4149 inter
2620 4108 2725 4150 eos
2764 4090 2825 4151 in

539 4166 752 4229 eadem
807 4168 1220 4247 Curia—scil„
1277 4171 1444 4251 quod
1499 4170 1826 4251 praedictus
1880 4170 2090 4231 Abbas
2143 4170 2379 4230 remisit
2432 4179 2496 4231 et
2550 4172 2824 4250 quietum

541 4248 825 4310 clamavit
852 4250 928 4311 de
957 4272 1020 4312 se
1051 4259 1115 4311 et
1142 4252 1583 4315 successoribus
1610 4252 1733 4313 suis
1762 4258 1825 4313 et
1860 4250 2128 4313 Ecclesia
2164 4271 2273 4311 sus.
2299 4250 2377 4311 de
2414 4250 2653 4312 Rivalle
2681 4272 2825 4331 prae·

539 4329 704 4393 dicto
748 4330 1018 4394 Roberto
1063 4342 1127 4395 et
1175 4333 1514 4396 hoeredibus
1558 4334 1681 4395 suis
1722 4340 1923 4394 totum
1958 4332 2079 4412 jus,
2124 4340 2259 4406 etc„
2299 4332 2465 4412 quod
2506 4332 2727 4397 habuit
2758 4334 2821 4394 in

1519 4464 1538 4497 ¹
1576 4464 1897 4529 Filqthwayt.
