3075 5009
897 513 1368 563 GAETULARIUM
1399 515 1865 565 RIEVALLENSE.
2399 507 2520 566 257

233 756 643 822 CCCLXVI.
676 755 785 843 [ib.
819 757 883 821 ii.
917 758 960 822 f.
999 756 1108 844 13]
1140 757 1643 824 SENTENTIA
1673 761 2096 827 JUDICUM
2141 763 2525 828 DELEGA-

408 855 728 920 TORUM
772 857 1120 921 DOMINI
1174 857 1437 921 PAPAE
1479 859 1605 923 DE
1646 860 2028 926 DECIMIS
2073 862 2524 928 ECCLESIAE

404 955 530 1018 DE
574 955 1063 1022 PYKERING.

321 1104 642 1169 Omnibus
726 1105 969 1170 Christi
1043 1106 1342 1172 fidelibus
1416 1158 1430 1172 .
1508 1157 1523 1172 .
1600 1159 1614 1172 .
1690 1109 2009 1186 Decanus,
2086 1111 2521 1190 SubdecanuS,
2547 1129 2675 1172 rinal
2693 1132 2844 1174 settle-

227 1191 277 1256 J
280 1191 501 1256 udices
560 1214 600 1255 a
658 1194 942 1257 Domino
1002 1194 1181 1277 Papa
1240 1194 1537 1278 delegati,
1601 1202 1666 1260 et
1739 1197 2200 1262 Thesaurarius
2266 1199 2520 1264 Lincol-
2546 1183 2749 1284 ῗὲἒζοξῖ

224 1279 489 1354 niensis,
534 1279 581 1342 J
583 1280 757 1344 udex
808 1281 1263 1366 subdelegatus
1308 1303 1346 1345 a
1390 1282 1677 1346 Domino
1723 1284 2041 1367 Episcopo
2099 1285 2386 1349 Lincoln.
2439 1287 2523 1352 ad
2547 1282 2805 1376 flgffiPoeoed

224 1371 437 1430 totam
480 1387 759 1444 causam,
786 1367 1066 1431 salutem
1109 1368 1181 1431 in
1225 1368 1525 1432 Domino.
1615 1369 2006 1434 Mandatum
2034 1373 2307 1436 Domini
2329 1373 2522 1458 Papae
2547 1384 2608 1434 by
2624 1345 2840 1436 th¹e¹³⁸Pore

224 1452 299 1516 in
358 1453 497 1517 haec
548 1455 745 1518 verba
788 1455 1188 1536 suscepimus
1214 1456 1664 1540 z—Gregorius
1715 1457 2093 1541 Episcopus,
2147 1459 2206 1523 S.
2268 1480 2316 1524 s.
2374 1460 2520 1536 Dei,
2544 1437 2686 1577 ἓξὲξ
2703 1437 2794 1478 ‘¹¹⁸'

224 1539 605 1604 Venerabili
652 1541 839 1604 fratri
888 1541 1225 1625 EpiscopO,
1277 1550 1344 1607 et
1395 1543 1651 1607 dilectis
1703 1545 1855 1608 filiis
1913 1545 2178 1610 Decano
2236 1551 2302 1611 et
2363 1546 2520 1612 Sub·
2545 1537 2842 1629 Βζᾞθξξᾱῶθ

225 1627 471 1690 decano
502 1627 807 1704 Lincoln„
853 1678 868 1692 .
914 1679 929 1692 .
976 1679 990 1692 .
1035 1629 1335 1694 Dilectus
1364 1630 1538 1694 filius
1572 1630 1982 1718 G[alfridus],
2003 1632 2307 1698 Decanus
2330 1634 2517 1698 Ebor.
2545 1638 2638 1729 ξω
2669 1639 2806 1680 “Ns

226 1734 350 1778 sua
378 1713 565 1777 nobis
598 1715 909 1796 petitione
954 1717 1343 1781 monstravit
1388 1717 1562 1800 quod
1608 1737 1758 1781 cum
1787 1719 1946 1783 olim
1987 1719 2163 1784 inter
2191 1720 2518 1803 quondam
2545 1689 2860 1781 cgssvssxfflfi'e

228 1797 627 1884 R[ogerum],
658 1801 995 1866 Decanum
1028 1802 1236 1879 Ebor.,
1258 1805 1789 1887 praedecessorem
1814 1827 2022 1882 suum,
2047 1827 2128 1870 ex
2158 1815 2341 1891 parte
2373 1829 2520 1886 una,
2543 1791 2766 1882 ἓξὲξ*
2782 1841 2862 1883 the

226 1894 296 1951 et
345 1887 673 1952 Abbatem
722 1896 789 1953 et
835 1890 1247 1954 Conventum
1300 1890 1634 1968 Rievallis,
1687 1891 1950 1956 Cisterc.
2004 1893 2284 1972 Ordinis,
2329 1895 2516 1959 Ebor.
2544 1852 2806 1985 {ffiffim

225 1973 591 2051 Dioceseos,
638 1996 720 2039 ex
765 1976 983 2052 altera,
1030 1997 1223 2059 super
1267 1977 1660 2061 quibusdam
1703 1978 1970 2044 decimis
2017 1987 2083 2044 et
2129 1981 2324 2045 rebus
2371 1981 2518 2046 aliis
2543 1993 2632 2034 and
2651 1994 2773 2035 120st-

222 2060 311 2124 ad
371 2061 779 2126 Decanatum
838 2065 1282 2146 spectantibus
1342 2071 1566 2128 exorta
1627 2065 1754 2128 fuit
1799 2067 2068 2131 materia
2125 2069 2517 2151 quaestionis,
2543 2044 2772 2087 mh*

224 2147 493 2212 tandem
552 2149 765 2214 dictus
824 2151 1253 2234 praedecessor
1317 2153 1848 2235 compositionem
1923 2154 2251 2238 quandam
2324 2177 2518 2240 super

221 2235 469 2299 eisdem
513 2236 780 2301 decimis
824 2238 1042 2301 minus
1086 2238 1352 2320 provide
1397 2259 1548 2303 cum
1590 2239 1848 2303 Abbate
1879 2248 1946 2304 et
1993 2241 2334 2307 Conventu
2364 2264 2516 2327 prae-

222 2322 417 2398 dicto,
447 2323 520 2386 in
563 2343 889 2388 enormem
920 2325 1124 2407 ipsius
1169 2324 1544 2390 Decanatus
1587 2325 1740 2389 iniit
1782 2326 2130 2404 laesionem,
2159 2348 2304 2412 quae
2347 2338 2518 2413 post-

220 2409 491 2473 modum
534 2431 650 2494 per
694 2411 1129 2475 venerabilem
1174 2412 1438 2476 fratrem
1482 2420 1792 2489 nostrum,
1839 2414 2404 2494 Archidiaconum,
2450 2425 2516 2482 et

226 2495 608 2578 Capitulum
638 2498 821 2562 Ebor.
854 2499 1077 2562 extitit
1106 2499 1324 2562 minus
1369 2499 1550 2563 licite
1595 2499 1988 2564 confirmata.
2082 2502 2296 2578 Quare
2339 2502 2513 2568 idem

223 2583 533 2648 Decanus
562 2585 750 2648 nobis
779 2585 1117 2649 humiliter
1144 2585 1538 2668 supplicavit
1569 2593 1647 2650 ut
1675 2607 1869 2669 super
1901 2585 2024 2651 hoc
2052 2587 2512 2672 indempnitati

223 2691 361 2734 suae
428 2691 783 2755 congruum
842 2671 1199 2736 remedium
1260 2693 1582 2755 apponere
1655 2693 2041 2739 curaremus.
2133 2676 2304 2753 Quia
2360 2697 2514 2741 vero

220 2756 413 2822 nobis
436 2778 569 2821 non
592 2765 845 2823 constat
869 2758 948 2823 de
970 2759 1339 2843 praemissiS,
1363 2760 1736 2824 discretioni
1753 2767 1984 2825 vestrae
2005 2781 2120 2845 per
2140 2763 2514 2846 Apostolica

222 2845 467 2928 scripta
544 2846 929 2911 mandamus
1002 2847 1329 2930 quatinuS,
1402 2847 1696 2930 partibus
1771 2849 2156 2925 convocatis,
2230 2850 2513 2915 audiatis

222 2951 488 2996 causam
533 2938 617 3008 et,
648 2933 1081 3016 appellatione
1125 2941 1387 3010 remota,
1422 2934 1553 2998 fine
1598 2935 1906 2999 canonico
1950 2936 2331 3014 terminetiS,
2363 2937 2512 3002 faci-

224 3026 411 3084 entes
454 3018 629 3102 quod
674 3019 1083 3085 decreveritis
1126 3041 1245 3104 per
1288 3041 1401 3084 cen
1409 3040 1628 3084 suram
1688 3021 2187 3087 ecclesiasticam
2239 3024 2512 3088 firmiter

219 3106 561 3170 observari.
656 3105 841 3184 Quod
916 3107 973 3170 si
1040 3128 1172 3170 non
1246 3127 1467 3172 omnes
1526 3108 1655 3171 hiis
1714 3109 2110 3192 exequendis
2167 3112 2509 3194 potueritis

221 3196 551 3270 interesse,
581 3199 673 3269 tu,
704 3195 905 3257 frater
947 3193 1283 3278 Episcope‚
1315 3214 1463 3257 cum
1509 3215 1730 3259 eorum
1775 3195 1975 3259 altero
2021 3216 2097 3260 ea
2139 3197 2508 3263 nichilomi-

218 3301 347 3344 nus
392 3281 745 3364 exequaris.
836 3281 1079 3344 Valete.
1170 3282 1421 3346 Datum
1450 3281 1754 3346 Laterani
1783 3303 1842 3346 v.
1867 3283 2014 3347 Kal.
2047 3285 2094 3350 J
2095 3285 2254 3360 unii,
2284 3285 2508 3350 Ponti-

218 3368 453 3432 ficatus
510 3367 717 3431 nostri
774 3369 867 3431 Αο
926 3368 1421 3451 xiima—Hujus
1494 3369 1695 3452 igitur
1767 3371 2152 3434 auctoritate
2212 3373 2505 3437 mandati

220 3454 563 3539 utriusque
591 3455 795 3540 partis
838 3454 1656 3538 procuratoribus—videl„
1687 3463 2094 3540 procuratore
2137 3457 2389 3522 Decani
2425 3459 2508 3523 ad

217 3549 429 3606 totam
480 3561 757 3618 causam,
804 3551 871 3606 et
921 3549 1327 3626 procuratore
1371 3542 1653 3607 Abbatis
1697 3551 1766 3608 et
1810 3544 2184 3609 Conventus
2229 3545 2508 3610 Rivallis

218 3629 303 3694 ad
346 3627 753 3713 litigandum,
784 3630 1301 3713 componendum
1345 3637 1413 3695 et
1454 3630 1912 3706 confitendum,
1942 3631 2230 3715 legitime
2274 3633 2506 3697 consti-

216 3715 399 3792 tutis,
428 3715 503 3779 in
530 3717 871 3800 praesentia
902 3724 1121 3780 nostra
1150 3716 1684 3801 comparentibus,
1713 3726 2084 3801 procurator
2111 3717 2505 3805 F[ulconis]¹

214 3802 481 3879 Decani,
511 3802 626 3886 qui
657 3803 829 3868 dicto
860 3803 1213 3888 G[alfrido]
1246 3805 1511 3868 Decano
1538 3805 1867 3880 successit,
1897 3805 2158 3889 petebat
2197 3807 2505 3890 composi—

213 3892 463 3955 tionem
521 3910 637 3975 per
694 3891 878 3954 bonae
935 3892 1261 3955 memoriae
1320 3891 1717 3977 R[ogerum],
1776 3892 2102 3975 quondam
2162 3893 2502 3958 Decanum

216 3979 425 4051 Ebor.,
480 3997 675 4062 super
724 3977 992 4043 decimis
1044 3979 1125 4043 de
1171 3979 1616 4063 Kekemarays
1663 3987 1730 4044 et
1787 3979 2192 4064 Loftmarays
2249 3980 2502 4050 initam

281 4125 303 4160 ¹
335 4125 450 4178 The
483 4125 661 4178 initial
686 4128 905 4178 written
932 4127 989 4178 in
1018 4127 1162 4188 herc,
1196 4127 1302 4178 and
1416 4127 1616 4195 Bishop
1629 4128 1686 4179 of
1701 4127 1938 4179 London.
1995 4128 2107 4179 The
2120 4129 2296 4195 places
2308 4131 2503 4182 named

216 4193 274 4244 in
294 4197 407 4244 two
428 4193 585 4244 other
605 4193 798 4259 places,
821 4209 1047 4308 εἴξατε
1068 4197 1127 4243 to
1148 4191 1215 4243 be
1240 4193 1296 4242 P.
1417 4193 1473 4244 in
1497 4194 1608 4244 this
1629 4193 1736 4244 and
1755 4194 1853 4245 the
1921 4194 2169 4260 receding
2189 4194 2502 4246 documenta

212 4259 339 4320 But,
397 4257 681 4324 according
723 4262 784 4308 to
946 4257 1098 4309 Neve
1142 4257 1307 4310 Fulco
1418 4273 1511 4309 aro
1546 4259 1674 4310 Loft
1695 4259 1892 4310 Martis
1931 4275 1986 4310 es
2013 4260 2069 4309 in
2091 4259 2186 4309 the
2213 4260 2501 4327 Towuship

214 4325 406 4376 Esset
425 4339 537 4374 was
557 4323 707 4374 Dean
728 4323 785 4373 of
817 4322 969 4374 York
999 4329 1132 4374 next
1162 4323 1303 4373 after
1419 4323 1477 4374 of
1517 4324 1810 4384 Allerston,
1857 4324 1972 4376 still
2019 4323 2216 4375 known
2261 4324 2296 4375 b
2378 4326 2502 4377 that

216 4387 465 4454 Geoffmy
485 4389 541 4439 of
564 4387 833 4449 Norwioh,
853 4387 1168 4454 succeeding
1190 4388 1302 4439 him
1414 4405 1586 4451 name,
1626 4389 1734 4440 and
1769 4390 1826 4440 in
1859 4390 1956 4440 the
1998 4389 2189 4441 vicinit
2260 4405 2293 4441 o
2353 4390 2496 4440 Mar·

216 4455 273 4505 in
309 4454 404 4504 tho
435 4469 565 4519 year
602 4455 745 4514 1239,
783 4454 892 4505 and
924 4454 1219 4519 remaining
1244 4453 1301 4503 in
1414 4454 1584 4505 rishes
1606 4455 1834 4516 Statim,
1855 4455 1949 4505 the
1970 4471 2124 4505 name
2203 4453 2498 4506 ekmarrish

216 4520 307 4573 the
328 4518 481 4570 office
492 4519 633 4570 until
659 4521 803 4580 1242,
826 4519 981 4570 when
1003 4519 1071 4570 he
1086 4518 1301 4570 became
1335 4599 1380 4648 R
1413 4535 1476 4570 or
1488 4519 1808 4571 Kokmarais
1822 4519 1984 4586 being
2002 4536 2073 4571 no
2089 4519 2272 4586 longer
2288 4524 2494 4572 extant.
