3075 5009
1229 513 1579 563 APPENDIX.
2428 503 2557 563 369

270 688 410 731 cum
435 670 515 731 ab
541 670 807 732 ecclesiis
835 672 958 731 suis
985 670 1237 750 quidam
1275 670 1471 733 multa
1496 669 1789 732 beneficia
1828 670 2225 751 perceperint,
2255 670 2419 733 bona
2444 690 2557 751 per

269 750 584 813 ecclesiam
611 752 905 831 acquisita
931 753 996 813 in
1024 752 1174 814 alios
1201 772 1348 813 usus
1375 752 1705 814 transferre
1726 758 2143 832 praesumunt:
2184 752 2316 828 hoc,
2346 753 2551 833 igitur,

268 832 434 910 quod
489 833 754 913 antiquis
798 840 1039 895 constat
1079 833 1410 895 inhibitum
1467 834 1814 909 canonibus,
1858 832 2285 896 nichilominus
2324 833 2557 895 inhibe·

268 932 423 989 mus,
455 920 536 990 et,
565 913 1076 994 indampnitatem
1113 914 1500 977 ecclesiarum
1535 914 1855 993 providere
1895 914 2187 991 volentes,
2218 916 2348 977 sive
2373 915 2557 976 intes-

269 995 386 1055 tati
415 994 799 1071 decesserint,
828 996 957 1057 sive
985 996 1118 1058 aliis
1146 996 1410 1059 ecclesiis
1437 996 1710 1058 conferre
1739 996 2061 1072 voluerint,
2093 1016 2279 1076 penes
2311 996 2554 1057 easdem

266 1074 544 1138 ecclesias
588 1077 972 1157 praecipimus
1013 1079 1371 1139 remanere.1
1472 1076 1799 1151 Praeterea,
1840 1097 2033 1157 quum
2079 1076 2145 1138 in
2186 1076 2555 1156 quibusdam

267 1158 544 1237 partibus
571 1158 684 1219 sub
710 1158 907 1238 pretio
937 1157 1066 1253 [sic]
1085 1166 1444 1220 statuuntur
1468 1158 1577 1238 qui
1606 1158 1822 1220 decani
1848 1166 2158 1235 vocantur,
2179 1168 2243 1220 et
2260 1166 2554 1239 praeterea

266 1239 537 1317 pecnniae
579 1240 924 1318 quantitate
967 1240 1370 1335 eplscopalem
1407 1238 1891 1320 jurisdictionem
1929 1246 2235 1315 exercent,
2265 1239 2553 1319 praesenti

266 1319 514 1382 decreto
562 1322 888 1382 statuimus
941 1328 1034 1396 ut,
1084 1340 1191 1401 qur
1240 1320 1318 1383 de
1365 1328 1581 1382 caetero
1628 1321 1695 1382 id
1735 1321 2204 1401 praesumpserit,
2240 1321 2419 1383 officii
2459 1321 2552 1382 sui

263 1399 653 1481 dispendium
694 1402 981 1482 patiatur,
1013 1410 1078 1463 et
1117 1402 1452 1483 Episcopus
1494 1401 1848 1463 conferendi
1891 1401 2007 1464 hoc
2054 1402 2317 1465 officium
2357 1410 2553 1482 potes-

262 1489 457 1568 tatem
485 1482 768 1545 amittat:
809 1482 914 1545 ille
944 1490 1149 1545 autem
1177 1484 1370 1545 officio
1398 1503 1507 1545 suo
1535 1483 1831 1564 privetur.

350 1654 446 1713 14.
491 1668 658 1716 xxn.
691 1653 910 1716 Felicis
952 1654 1259 1717 memoriae
1301 1654 1482 1734 Papae
1522 1652 1883 1728 Innocentii,
1922 1661 1987 1715 et
2012 1653 2287 1733 Eugenii‚
2331 1654 2556 1735 praede-

263 1753 568 1795 cessorum
621 1744 988 1811 nostrorum,
1040 1736 1312 1815 vestigiis
1361 1734 1746 1809 inhaerentes,
1802 1734 2193 1797 detestabiles
2246 1736 2555 1797 nundinas

262 1814 364 1877 vel
390 1814 574 1877 ferias
615 1837 766 1897 quas
791 1817 978 1898 vulgo
1007 1818 1416 1879 torniamenta
1435 1824 1675 1891 vocant,
1706 1816 1773 1877 in
1801 1816 2025 1895 quibus
2051 1816 2277 1878 milites
2306 1838 2386 1879 ex
2415 1838 2551 1879 con-

263 1896 448 1957 ducto
479 1896 602 1980 [8¹²]
631 1899 838 1959 venire
882 1898 1098 1975 solent,
1146 1907 1226 1973 et,
1278 1899 1358 1960 ad
1398 1898 1872 1960 ostentationem
1918 1898 2143 1959 virium
2192 1918 2439 1960 suarum
2486 1907 2553 1961 et

261 1978 545 2053 audaciae,
565 1988 794 2041 temere
817 1979 1312 2060 congrediuntur,
1335 1980 1499 2041 unde
1527 1987 1753 2041 mortes
1773 1979 2107 2055 hominum,
2129 1987 2194 2040 et
2212 1980 2551 2042 animarum

261 2060 530 2139 pericula
556 2080 714 2141 saepe
754 2061 1140 2141 proveniunt,
1181 2062 1313 2123 fieri
1351 2062 1761 2141 prohibemus.
1847 2060 2027 2137 Quod
2066 2061 2119 2122 si
2160 2062 2299 2140 quis
2339 2082 2550 2124 eorum

259 2139 492 2202 ibidem
532 2150 810 2203 mortuus
837 2143 1040 2218 fuerit,
1071 2142 1268 2222 quivis
1295 2143 1353 2204 ei
1379 2142 1807 2222 poenitentiam
1841 2143 2117 2222 poscenti
2156 2163 2281 2205 non
2321 2145 2557 2223 neget,²

262 2222 665 2284 ecclesiastica
689 2231 896 2286 tamen
927 2222 1242 2304 sepultura
1269 2230 1486 2286 careat.

348 2393 446 2452 15.
488 2406 681 2453 xxm.
730 2393 1002 2474 Treugas
1035 2414 1073 2454 a
1097 2393 1448 2472 vespertina
1488 2392 1643 2454 feria
1682 2398 1823 2471 post
1864 2410 2141 2452 occasum
2182 2391 2326 2453 solis
2359 2411 2553 2472 usque

259 2471 338 2533 ad
366 2472 697 2535 secundam
723 2473 941 2536 feriam
968 2482 1111 2536 ante
1153 2480 1362 2535 ortum
1389 2474 1550 2550 solis,
1584 2481 1649 2536 et
1674 2473 1753 2533 ab
1780 2470 2053 2533 adventu
2077 2472 2330 2533 Domini
2358 2493 2553 2553 usque

259 2552 339 2615 ad
367 2561 612 2616 octavas
631 2555 1006 2637 Epiphaniae,
1039 2562 1104 2619 et
1130 2577 1168 2617 a
1192 2556 1653 2636 Septuagesima
1678 2572 1873 2633 usque
1902 2552 1979 2613 ad
2008 2563 2251 2615 octavas
2279 2553 2544 2631 Paschae,

260 2636 338 2697 ab
385 2636 666 2698 omnibus
712 2637 1150 2699 inviolabiliter
1196 2637 1503 2700 observari
1552 2635 1947 2716 praecipimus.
2034 2634 2099 2696 Si
2149 2634 2287 2715 quis
2342 2644 2549 2697 autem

257 2725 538 2796 treugam
577 2717 856 2799 frangere
884 2719 1294 2800 temptaverit,
1325 2726 1467 2799 post
1492 2718 1741 2779 tertiam
1769 2715 2321 2791 commonitionem,
2342 2717 2549 2778 sinon

257 2798 637 2875 satisfecerit,
661 2798 996 2895 Episcopus
1023 2819 1171 2862 suus
1211 2799 1853 2862 excommunicationis
1893 2798 2261 2860 sententiam
2300 2797 2367 2858 in
2408 2818 2547 2859 eum

260 2877 468 2956 dictet,
512 2888 580 2942 et
616 2887 904 2962 scriptam
931 2881 1244 2962 Episcopis
1285 2880 1500 2942 vicinis
1540 2880 1887 2942 annunciet.
1965 2877 2299 2959 Episcopus
2340 2885 2545 2941 autem

259 2960 462 3022 nullus
503 2964 1093 3025 excommunicatum
1133 2963 1198 3024 in
1239 2963 1726 3024 communionem
1767 2962 2098 3044 suscipiat:
2137 2961 2325 3022 immo
2366 2960 2551 3040 scrip-

259 3049 387 3102 tam
414 3045 782 3106 sententiam
824 3044 1080 3123 quisque
1108 3044 1442 3108 confirmet.
1528 3043 1595 3105 Si
1637 3042 1775 3123 quis
1802 3043 1917 3107 hoc
1943 3042 2173 3106 violare
2213 3060 2547 3121 praesump-

257 3124 426 3198 serit,
475 3125 706 3187 ordinis
755 3126 850 3187 sui
895 3124 1162 3206 periculo
1219 3126 1547 3206 subjaceat,
1600 3133 1664 3187 et
1718 3146 1907 3207 quum
1956 3123 2264 3187 funiculus
2318 3122 2545 3203 triplex

257 3204 500 3267 difficile
547 3208 872 3288 rumpitur,
923 3206 1306 3287 praecipimus
1357 3214 1432 3269 ut
1477 3207 1779 3288 Episcopi,
1836 3207 1915 3268 ad
1970 3206 2169 3268 solum
2224 3204 2425 3266 Deum
2480 3213 2547 3266 et

257 3286 521 3349 salutem
574 3288 784 3383 populi
835 3286 1130 3349 habentes
1180 3298 1543 3369 respectum,
1593 3288 1759 3349 omni
1814 3288 2139 3369 tepiditate
2196 3286 2411 3367 sopita,
2463 3285 2542 3348 ad

256 3387 468 3448 pacem
516 3369 774 3431 firmiter
818 3369 1148 3431 tenendam
1195 3378 1476 3432 mutuum
1523 3369 1642 3432 sibi
1690 3370 1989 3432 auxilium
2032 3368 2361 3449 praebeant.
2445 3367 2543 3430 Ne

256 3449 394 3529 quis
433 3449 694 3529 alicujus
734 3470 939 3512 amore
975 3451 1075 3513 vel
1115 3450 1257 3513 odio
1299 3450 1747 3531 praetermittat.
1830 3450 2008 3526 Quod
2050 3451 2103 3511 si
2145 3450 2279 3530 quis
2321 3450 2387 3511 in
2428 3447 2547 3510 hoc

255 3550 437 3611 opere
491 3531 736 3613 tepidus
790 3531 1079 3594 inventus
1132 3532 1321 3594 fuerit
1373 3532 1710 3613 dampnum
1765 3532 2025 3613 propriae
2081 3530 2400 3610 dignitatis
2454 3530 2545 3589 in-

252 3618 473 3674 curret.

342 3776 434 3835 16.
486 3790 671 3836 xxlv.
760 3776 822 3837 N
824 3796 902 3837 on
943 3776 1146 3837 minus
1192 3795 1303 3855 pro
1352 3782 1600 3855 peccato
1644 3794 1855 3837 eorum
1903 3775 2011 3855 qui
2060 3774 2307 3849 faciunt,
2354 3792 2537 3852 quam

250 3876 367 3937 pro
405 3855 650 3917 illorum
691 3856 1062 3920 detrimento
1095 3858 1202 3937 qui
1243 3856 1563 3931 sustinent,
1597 3854 1693 3999 [SR
1718 3876 1903 3937 grave
1945 3876 2074 3918 esse
2114 3856 2297 3917 nimis
2339 3854 2539 3916 dinos-

249 3937 414 3999 citur
452 3937 634 4016 quod‚
666 3937 732 3999 in
773 3938 1029 4000 diversis
1056 3938 1332 4019 partibus
1373 3938 1605 4013 mundi,
1694 3945 1924 3999 ectores
1967 3946 2031 4000 et
2057 3936 2351 4000 Consules
2380 3936 2543 3998 Civi-

249 4024 468 4093 tatum,
499 4038 737 4081 necnon
775 4018 882 4081 alii
908 4019 1014 4099 qui
1053 4027 1293 4099 partem
1333 4039 1506 4081 suam
1547 4018 1769 4081 habere
1797 4020 2103 4094 videntur,
2134 4026 2230 4080 tot
2274 4017 2541 4081 ecclesiis

249 4120 438 4161 onera
451 4101 478 4140 ⁸
509 4102 872 4179 frequentur
897 4100 1238 4179 imponunt,
1271 4100 1361 4162 ita
1397 4101 1851 4181 gravaminibus
1892 4121 1993 4161 eas
2022 4108 2087 4163 et
2112 4098 2339 4161 crebris
2366 4118 2539 4159 exac-

251 4181 524 4244 tionibus
551 4189 857 4263 premunt‚
887 4188 958 4243 ut
984 4180 1304 4245 deterioris
1345 4181 1713 4244 conditionis
1739 4182 1852 4243 sub
1881 4182 1969 4244 eis
2009 4181 2239 4242 factum
2267 4178 2539 4241 sacerdo-

251 4262 410 4324 tium
453 4282 585 4325 esse
624 4262 921 4338 videatur,
965 4283 1151 4343 quam
1198 4265 1314 4325 sub
1355 4262 1669 4324 Pharaone
1711 4262 1915 4339 fuerit,
1965 4262 2072 4343 qui
2115 4260 2341 4323 divinae
2382 4258 2537 4339 legis

314 4394 336 4427 ²
369 4394 484 4447 The
499 4412 650 4447 sense
665 4396 712 4447 is
723 4394 1022 4513 altoffither
1033 4394 1330 4462 imperfect,
1512 4395 1536 4428 ⁸
1566 4393 1634 4446 Ν
1628 4402 1812 4459 eqetur.

251 4460 360 4512 and
420 4478 522 4514 one
576 4466 776 4514 cannot
903 4465 930 4513 t
987 4466 1202 4528 suspect
1265 4478 1334 4511 an

251 4527 522 4580 omission.
1510 4524 1533 4559 ⁸
1566 4524 1799 4576 Honera.

1341 4598 1454 4654 2Α
