<?xml version="1.0" encoding="UTF-8"?>
<!DOCTYPE html PUBLIC "-//W3C//DTD XHTML 1.0 Transitional//EN"
    "http://www.w3.org/TR/xhtml1/DTD/xhtml1-transitional.dtd">
<html xmlns="http://www.w3.org/1999/xhtml" xml:lang="en" lang="en">
 <head>
  <title>
</title>
<meta http-equiv="Content-Type" content="text/html;charset=utf-8" />
  <meta name='ocr-system' content='tesseract 3.04.00' />
  <meta name='ocr-capabilities' content='ocr_page ocr_carea ocr_par ocr_line ocrx_word'/>
</head>
<body>
  <div class='ocr_page' id='page_1' title='image "./cartulariumabba00atkigoog_0282.png"; bbox 0 0 3075 5009; ppageno 0'>
   <div class='ocr_carea' id='block_1_1' title="bbox 940 521 2568 582">
    <p class='ocr_par' dir='ltr' id='par_1_1' title="bbox 940 521 2568 582">
     <span class='ocr_line' id='line_1_1' title="bbox 940 521 2568 582; baseline 0 -2"><span class='ocrx_word' id='word_1_1' title='bbox 940 531 1419 582; x_wconf 71' lang='lat' dir='ltr'><strong>CARTULARmu</strong></span> <span class='ocrx_word' id='word_1_2' title='bbox 1447 531 1912 582; x_wconf 52' lang='lat' dir='ltr'><strong>manulius&amp;</strong></span> <span class='ocrx_word' id='word_1_3' title='bbox 2443 521 2568 580; x_wconf 83' lang='lat'><strong>159</strong></span> 
     </span>
    </p>
   </div>
   <div class='ocr_carea' id='block_1_2' title="bbox 272 689 2574 2428">
    <p class='ocr_par' dir='ltr' id='par_1_2' title="bbox 272 689 2574 2428">
     <span class='ocr_line' id='line_1_2' title="bbox 274 689 2570 775; baseline -0 -20"><span class='ocrx_word' id='word_1_4' title='bbox 274 689 527 755; x_wconf 90' lang='lat' dir='ltr'><strong>tionem</strong></span> <span class='ocrx_word' id='word_1_5' title='bbox 556 689 903 756; x_wconf 84' lang='lat' dir='ltr'><strong>Forestarii</strong></span> <span class='ocrx_word' id='word_1_6' title='bbox 932 690 1080 768; x_wconf 87' lang='lat' dir='ltr'><strong>mei,</strong></span> <span class='ocrx_word' id='word_1_7' title='bbox 1110 695 1177 756; x_wconf 90' lang='lat' dir='ltr'><strong>et</strong></span> <span class='ocrx_word' id='word_1_8' title='bbox 1220 691 1303 755; x_wconf 86' lang='lat' dir='ltr'><strong>ad</strong></span> <span class='ocrx_word' id='word_1_9' title='bbox 1348 690 1925 756; x_wconf 80' lang='lat' dir='ltr'>summonitionem</span> <span class='ocrx_word' id='word_1_10' title='bbox 1953 690 2094 775; x_wconf 86' lang='lat' dir='ltr'><strong>ejus</strong></span> <span class='ocrx_word' id='word_1_11' title='bbox 2121 691 2570 768; x_wconf 85' lang='lat' dir='ltr'><strong>removebunt,</strong></span> 
     </span>
     <span class='ocr_line' id='line_1_3' title="bbox 272 776 2571 862; baseline 0 -21"><span class='ocrx_word' id='word_1_12' title='bbox 272 786 424 842; x_wconf 91' lang='lat' dir='ltr'><strong>octo</strong></span> <span class='ocrx_word' id='word_1_13' title='bbox 444 776 673 842; x_wconf 88' lang='lat' dir='ltr'><strong>diebus</strong></span> <span class='ocrx_word' id='word_1_14' title='bbox 696 778 779 842; x_wconf 87' lang='lat' dir='ltr'><strong>ab</strong></span> <span class='ocrx_word' id='word_1_15' title='bbox 808 797 884 842; x_wconf 90' lang='lat' dir='ltr'><strong>eo</strong></span> <span class='ocrx_word' id='word_1_16' title='bbox 911 778 1295 862; x_wconf 83' lang='lat' dir='ltr'><strong>praemoniti,</strong></span> <span class='ocrx_word' id='word_1_17' title='bbox 1320 784 1387 842; x_wconf 85' lang='lat' dir='ltr'><strong>et</strong></span> <span class='ocrx_word' id='word_1_18' title='bbox 1408 777 1721 862; x_wconf 91' lang='lat' dir='ltr'><strong>quicquid</strong></span> <span class='ocrx_word' id='word_1_19' title='bbox 1742 779 1814 843; x_wconf 91' lang='lat' dir='ltr'><strong>in</strong></span> <span class='ocrx_word' id='word_1_20' title='bbox 1843 777 1993 842; x_wconf 87' lang='lat' dir='ltr'><strong>illas</strong></span> <span class='ocrx_word' id='word_1_21' title='bbox 2021 776 2325 842; x_wconf 89' lang='lat' dir='ltr'><strong>inciderit</strong></span> <span class='ocrx_word' id='word_1_22' title='bbox 2351 798 2571 843; x_wconf 89' lang='lat' dir='ltr'><strong>meum</strong></span> 
     </span>
     <span class='ocr_line' id='line_1_4' title="bbox 275 864 2572 950; baseline -0.001 -20"><span class='ocrx_word' id='word_1_23' title='bbox 275 865 403 930; x_wconf 84' lang='lat' dir='ltr'><strong>erit</strong></span> <span class='ocrx_word' id='word_1_24' title='bbox 443 871 679 948; x_wconf 74' lang='lat' dir='ltr'><strong>praeter</strong></span> <span class='ocrx_word' id='word_1_25' title='bbox 720 884 951 948; x_wconf 89' lang='lat' dir='ltr'><strong>pecora</strong></span> <span class='ocrx_word' id='word_1_26' title='bbox 995 885 1234 930; x_wconf 90' lang='lat' dir='ltr'><strong>eorum.</strong></span> <span class='ocrx_word' id='word_1_27' title='bbox 1324 864 1413 929; x_wconf 85' lang='lat' dir='ltr'><strong>Et</strong></span> <span class='ocrx_word' id='word_1_28' title='bbox 1454 872 1743 950; x_wconf 86' lang='lat' dir='ltr'><strong>pastores</strong></span> <span class='ocrx_word' id='word_1_29' title='bbox 1787 885 2008 930; x_wconf 90' lang='lat' dir='ltr'><strong>eorum</strong></span> <span class='ocrx_word' id='word_1_30' title='bbox 2059 864 2259 929; x_wconf 92' lang='lat' dir='ltr'><strong>libere</strong></span> <span class='ocrx_word' id='word_1_31' title='bbox 2301 871 2572 930; x_wconf 86' lang='lat' dir='ltr'><strong>utentur</strong></span> 
     </span>
     <span class='ocr_line' id='line_1_5' title="bbox 272 949 2571 1037; baseline 0.001 -22"><span class='ocrx_word' id='word_1_32' title='bbox 272 950 583 1016; x_wconf 85' lang='lat' dir='ltr'><strong>cornibus</strong></span> <span class='ocrx_word' id='word_1_33' title='bbox 612 952 685 1016; x_wconf 92' lang='lat' dir='ltr'><strong>in</strong></span> <span class='ocrx_word' id='word_1_34' title='bbox 714 951 958 1017; x_wconf 90' lang='lat' dir='ltr'><strong>eisdem</strong></span> <span class='ocrx_word' id='word_1_35' title='bbox 984 953 1267 1037; x_wconf 77' lang='lat' dir='ltr'><strong>pasturis</strong></span> <span class='ocrx_word' id='word_1_36' title='bbox 1310 959 1574 1036; x_wconf 90' lang='lat' dir='ltr'><strong>propter</strong></span> <span class='ocrx_word' id='word_1_37' title='bbox 1602 950 1839 1016; x_wconf 86' lang='lat' dir='ltr'><strong>bestias</strong></span> <span class='ocrx_word' id='word_1_38' title='bbox 1886 959 1953 1017; x_wconf 90' lang='lat' dir='ltr'><strong>et</strong></span> <span class='ocrx_word' id='word_1_39' title='bbox 1993 949 2319 1016; x_wconf 86' lang='lat' dir='ltr'><strong>latrones.¹</strong></span> <span class='ocrx_word' id='word_1_40' title='bbox 2406 951 2571 1018; x_wconf 81' lang='lat' dir='ltr'><strong>Haec</strong></span> 
     </span>
     <span class='ocr_line' id='line_1_6' title="bbox 274 1037 2574 1122; baseline 0 -20"><span class='ocrx_word' id='word_1_41' title='bbox 274 1038 499 1102; x_wconf 88' lang='lat' dir='ltr'><strong>omnia</strong></span> <span class='ocrx_word' id='word_1_42' title='bbox 528 1037 677 1102; x_wconf 91' lang='lat' dir='ltr'><strong>dedi</strong></span> <span class='ocrx_word' id='word_1_43' title='bbox 706 1039 801 1103; x_wconf 89' lang='lat' dir='ltr'><strong>eis</strong></span> <span class='ocrx_word' id='word_1_44' title='bbox 844 1039 917 1103; x_wconf 92' lang='lat' dir='ltr'><strong>in</strong></span> <span class='ocrx_word' id='word_1_45' title='bbox 959 1085 975 1104; x_wconf 89' lang='lat'><strong>.</strong></span> <span class='ocrx_word' id='word_1_46' title='bbox 1024 1087 1040 1104; x_wconf 89' lang='lat'><strong>.</strong></span> <span class='ocrx_word' id='word_1_47' title='bbox 1083 1086 1101 1104; x_wconf 90' lang='lat'><strong>.</strong></span> <span class='ocrx_word' id='word_1_48' title='bbox 1145 1039 1581 1116; x_wconf 81' lang='lat' dir='ltr'><strong>elemosinam,</strong></span> <span class='ocrx_word' id='word_1_49' title='bbox 1625 1039 1830 1104; x_wconf 87' lang='lat' dir='ltr'><strong>libera</strong></span> <span class='ocrx_word' id='word_1_50' title='bbox 1872 1044 1940 1104; x_wconf 89' lang='lat' dir='ltr'><strong>et</strong></span> <span class='ocrx_word' id='word_1_51' title='bbox 1983 1039 2196 1103; x_wconf 89' lang='lat' dir='ltr'><strong>soluta</strong></span> <span class='ocrx_word' id='word_1_52' title='bbox 2239 1045 2307 1103; x_wconf 91' lang='lat' dir='ltr'><strong>et</strong></span> <span class='ocrx_word' id='word_1_53' title='bbox 2348 1038 2574 1122; x_wconf 88' lang='lat' dir='ltr'><strong>quieta</strong></span> 
     </span>
     <span class='ocr_line' id='line_1_7' title="bbox 274 1124 2568 1210; baseline 0 -20"><span class='ocrx_word' id='word_1_54' title='bbox 274 1175 291 1190; x_wconf 88' lang='lat'><strong>.</strong></span> <span class='ocrx_word' id='word_1_55' title='bbox 342 1174 359 1191; x_wconf 93' lang='lat'><strong>.</strong></span> <span class='ocrx_word' id='word_1_56' title='bbox 406 1175 421 1190; x_wconf 91' lang='lat'>.</span> <span class='ocrx_word' id='word_1_57' title='bbox 465 1125 771 1190; x_wconf 87' lang='lat' dir='ltr'><strong>Tenenda</strong></span> <span class='ocrx_word' id='word_1_58' title='bbox 834 1125 906 1190; x_wconf 89' lang='lat' dir='ltr'><strong>in</strong></span> <span class='ocrx_word' id='word_1_59' title='bbox 965 1130 1371 1210; x_wconf 89' lang='lat' dir='ltr'><strong>perpetuum,</strong></span> <span class='ocrx_word' id='word_1_60' title='bbox 1424 1125 1782 1190; x_wconf 84' lang='lat' dir='ltr'><strong>Reddendo</strong></span> <span class='ocrx_word' id='word_1_61' title='bbox 1829 1125 2033 1190; x_wconf 90' lang='lat' dir='ltr'><strong>michi</strong></span> <span class='ocrx_word' id='word_1_62' title='bbox 2085 1132 2153 1190; x_wconf 89' lang='lat' dir='ltr'><strong>et</strong></span> <span class='ocrx_word' id='word_1_63' title='bbox 2203 1124 2568 1190; x_wconf 83' lang='lat' dir='ltr'><strong>haeredibus</strong></span> 
     </span>
     <span class='ocr_line' id='line_1_8' title="bbox 277 1212 2572 1298; baseline 0 -22"><span class='ocrx_word' id='word_1_64' title='bbox 277 1212 447 1278; x_wconf 89' lang='lat' dir='ltr'><strong>meis</strong></span> <span class='ocrx_word' id='word_1_65' title='bbox 488 1213 830 1277; x_wconf 89' lang='lat' dir='ltr'><strong>annuatim</strong></span> <span class='ocrx_word' id='word_1_66' title='bbox 872 1212 974 1277; x_wconf 78' lang='lat' dir='ltr'><strong>ii⁸⁸</strong></span> <span class='ocrx_word' id='word_1_67' title='bbox 1014 1212 1309 1278; x_wconf 82' lang='lat' dir='ltr'><strong>marchas</strong></span> <span class='ocrx_word' id='word_1_68' title='bbox 1354 1213 1624 1298; x_wconf 81' lang='lat' dir='ltr'><strong>argenti,</strong></span> <span class='ocrx_word' id='word_1_69' title='bbox 1652 1233 1852 1278; x_wconf 86' lang='lat' dir='ltr'><strong>unam</strong></span> <span class='ocrx_word' id='word_1_70' title='bbox 1905 1213 1988 1277; x_wconf 87' lang='lat' dir='ltr'><strong>ad</strong></span> <span class='ocrx_word' id='word_1_71' title='bbox 2033 1214 2460 1278; x_wconf 70' lang='lat' dir='ltr'><strong>Pentecosten</strong></span> <span class='ocrx_word' id='word_1_72' title='bbox 2504 1217 2572 1278; x_wconf 89' lang='grc' dir='ltr'><strong>εδ</strong></span> 
     </span>
     <span class='ocr_line' id='line_1_9' title="bbox 274 1298 2573 1384; baseline 0.001 -22"><span class='ocrx_word' id='word_1_73' title='bbox 274 1299 551 1364; x_wconf 84' lang='lat' dir='ltr'><strong>alteram</strong></span> <span class='ocrx_word' id='word_1_74' title='bbox 604 1298 689 1364; x_wconf 89' lang='lat' dir='ltr'><strong>ad</strong></span> <span class='ocrx_word' id='word_1_75' title='bbox 736 1299 981 1365; x_wconf 82' lang='lat' dir='ltr'><strong>festum</strong></span> <span class='ocrx_word' id='word_1_76' title='bbox 1034 1299 1096 1365; x_wconf 91' lang='lat' dir='ltr'><strong>S.</strong></span> <span class='ocrx_word' id='word_1_77' title='bbox 1145 1298 1435 1376; x_wconf 88' lang='lat' dir='ltr'><strong>Martini,</strong></span> <span class='ocrx_word' id='word_1_78' title='bbox 1485 1317 1603 1384; x_wconf 87' lang='lat' dir='ltr'><strong>pro</strong></span> <span class='ocrx_word' id='word_1_79' title='bbox 1653 1299 1953 1364; x_wconf 87' lang='lat' dir='ltr'><strong>omnibus</strong></span> <span class='ocrx_word' id='word_1_80' title='bbox 2005 1299 2304 1365; x_wconf 86' lang='lat' dir='ltr'><strong>servitiis.</strong></span> <span class='ocrx_word' id='word_1_81' title='bbox 2408 1300 2573 1365; x_wconf 81' lang='lat' dir='ltr'><strong>Haec</strong></span> 
     </span>
     <span class='ocr_line' id='line_1_10' title="bbox 274 1386 2572 1472; baseline 0 -22"><span class='ocrx_word' id='word_1_82' title='bbox 274 1386 503 1451; x_wconf 89' lang='lat' dir='ltr'><strong>omnia</strong></span> <span class='ocrx_word' id='word_1_83' title='bbox 531 1386 683 1450; x_wconf 91' lang='lat' dir='ltr'><strong>dedi</strong></span> <span class='ocrx_word' id='word_1_84' title='bbox 712 1388 805 1452; x_wconf 89' lang='lat' dir='ltr'><strong>eis</strong></span> <span class='ocrx_word' id='word_1_85' title='bbox 836 1388 931 1452; x_wconf 88' lang='lat' dir='ltr'><strong>ita</strong></span> <span class='ocrx_word' id='word_1_86' title='bbox 958 1387 1163 1452; x_wconf 89' lang='lat' dir='ltr'><strong>libera</strong></span> <span class='ocrx_word' id='word_1_87' title='bbox 1191 1388 1363 1452; x_wconf 88' lang='lat' dir='ltr'><strong>sicut</strong></span> <span class='ocrx_word' id='word_1_88' title='bbox 1390 1386 1612 1470; x_wconf 88' lang='lat' dir='ltr'><strong>aliqua</strong></span> <span class='ocrx_word' id='word_1_89' title='bbox 1656 1386 2006 1452; x_wconf 85' lang='lat' dir='ltr'><strong>elemosina</strong></span> <span class='ocrx_word' id='word_1_90' title='bbox 2033 1393 2250 1470; x_wconf 89' lang='lat' dir='ltr'><strong>potest</strong></span> <span class='ocrx_word' id='word_1_91' title='bbox 2278 1407 2572 1472; x_wconf 87' lang='lat' dir='ltr'><strong>unquam</strong></span> 
     </span>
     <span class='ocr_line' id='line_1_11' title="bbox 274 1473 2570 1558; baseline 0 -20"><span class='ocrx_word' id='word_1_92' title='bbox 274 1473 425 1538; x_wconf 83' lang='lat' dir='ltr'><strong>dari</strong></span> <span class='ocrx_word' id='word_1_93' title='bbox 443 1473 680 1538; x_wconf 90' lang='lat' dir='ltr'><strong>melius</strong></span> <span class='ocrx_word' id='word_1_94' title='bbox 709 1480 777 1539; x_wconf 87' lang='lat' dir='ltr'><strong>et</strong></span> <span class='ocrx_word' id='word_1_95' title='bbox 804 1473 1075 1539; x_wconf 85' lang='lat' dir='ltr'><strong>liberius</strong></span> <span class='ocrx_word' id='word_1_96' title='bbox 1106 1480 1173 1539; x_wconf 85' lang='lat' dir='ltr'><strong>et</strong></span> <span class='ocrx_word' id='word_1_97' title='bbox 1202 1474 1523 1558; x_wconf 84' lang='lat' dir='ltr'><strong>quietius3</strong></span> <span class='ocrx_word' id='word_1_98' title='bbox 1568 1481 1635 1539; x_wconf 90' lang='lat' dir='ltr'><strong>et</strong></span> <span class='ocrx_word' id='word_1_99' title='bbox 1655 1493 1772 1558; x_wconf 89' lang='lat' dir='ltr'><strong>ego</strong></span> <span class='ocrx_word' id='word_1_100' title='bbox 1795 1479 1862 1538; x_wconf 86' lang='lat' dir='ltr'><strong>et</strong></span> <span class='ocrx_word' id='word_1_101' title='bbox 1883 1473 2166 1538; x_wconf 87' lang='lat' dir='ltr'><strong>haeredes</strong></span> <span class='ocrx_word' id='word_1_102' title='bbox 2187 1473 2322 1538; x_wconf 91' lang='lat' dir='ltr'><strong>mei</strong></span> <span class='ocrx_word' id='word_1_103' title='bbox 2342 1494 2570 1538; x_wconf 89' lang='lat' dir='ltr'><strong>manu-</strong></span> 
     </span>
     <span class='ocr_line' id='line_1_12' title="bbox 278 1559 2572 1646; baseline 0.001 -22"><span class='ocrx_word' id='word_1_104' title='bbox 278 1560 651 1625; x_wconf 84' lang='lat' dir='ltr'><strong>tenebimus</strong></span> <span class='ocrx_word' id='word_1_105' title='bbox 705 1567 773 1625; x_wconf 92' lang='lat' dir='ltr'><strong>et</strong></span> <span class='ocrx_word' id='word_1_106' title='bbox 824 1560 1390 1626; x_wconf 86' lang='lat' dir='ltr'><strong>warantizabimus</strong></span> <span class='ocrx_word' id='word_1_107' title='bbox 1440 1561 1770 1646; x_wconf 84' lang='lat' dir='ltr'><strong>praedictis</strong></span> <span class='ocrx_word' id='word_1_108' title='bbox 1819 1559 2154 1625; x_wconf 89' lang='lat' dir='ltr'><strong>monachis</strong></span> <span class='ocrx_word' id='word_1_109' title='bbox 2199 1561 2387 1645; x_wconf 84' lang='lat'>[144]</span> <span class='ocrx_word' id='word_1_110' title='bbox 2431 1561 2572 1626; x_wconf 80' lang='lat' dir='ltr'><strong>haec</strong></span> 
     </span>
     <span class='ocr_line' id='line_1_13' title="bbox 274 1646 2572 1733; baseline 0 -21"><span class='ocrx_word' id='word_1_111' title='bbox 274 1648 501 1712; x_wconf 82' lang='lat' dir='ltr'><strong>omnia</strong></span> <span class='ocrx_word' id='word_1_112' title='bbox 542 1697 559 1711; x_wconf 92' lang='lat'><strong>.</strong></span> <span class='ocrx_word' id='word_1_113' title='bbox 604 1695 621 1714; x_wconf 86' lang='lat'><strong>.</strong></span> <span class='ocrx_word' id='word_1_114' title='bbox 664 1696 683 1713; x_wconf 87' lang='lat'><strong>.</strong></span> <span class='ocrx_word' id='word_1_115' title='bbox 728 1653 795 1712; x_wconf 88' lang='lat' dir='ltr'><strong>et</strong></span> <span class='ocrx_word' id='word_1_116' title='bbox 822 1648 1341 1733; x_wconf 84' lang='lat' dir='ltr'><strong>adquietabimus</strong></span> <span class='ocrx_word' id='word_1_117' title='bbox 1364 1649 1666 1712; x_wconf 79' lang='lat' dir='ltr'><strong>omnibus</strong></span> <span class='ocrx_word' id='word_1_118' title='bbox 1695 1648 1978 1713; x_wconf 85' lang='lat' dir='ltr'><strong>servitiis</strong></span> <span class='ocrx_word' id='word_1_119' title='bbox 2000 1653 2069 1712; x_wconf 92' lang='lat' dir='ltr'><strong>et</strong></span> <span class='ocrx_word' id='word_1_120' title='bbox 2087 1646 2572 1712; x_wconf 90' lang='lat' dir='ltr'><strong>consuetudini-</strong></span> 
     </span>
     <span class='ocr_line' id='line_1_14' title="bbox 279 1733 2574 1819; baseline 0 -21"><span class='ocrx_word' id='word_1_121' title='bbox 279 1735 424 1799; x_wconf 89' lang='lat' dir='ltr'><strong>bus.</strong></span> <span class='ocrx_word' id='word_1_122' title='bbox 512 1733 601 1800; x_wconf 88' lang='lat' dir='ltr'><strong>Et</strong></span> <span class='ocrx_word' id='word_1_123' title='bbox 630 1735 785 1818; x_wconf 86' lang='lat' dir='ltr'><strong>quia</strong></span> <span class='ocrx_word' id='word_1_124' title='bbox 812 1735 963 1800; x_wconf 88' lang='lat' dir='ltr'><strong>volo</strong></span> <span class='ocrx_word' id='word_1_125' title='bbox 1006 1741 1083 1799; x_wconf 92' lang='lat' dir='ltr'><strong>ut</strong></span> <span class='ocrx_word' id='word_1_126' title='bbox 1126 1735 1267 1802; x_wconf 79' lang='lat' dir='ltr'><strong>hsec</strong></span> <span class='ocrx_word' id='word_1_127' title='bbox 1310 1734 1665 1800; x_wconf 88' lang='lat' dir='ltr'><strong>elemosina</strong></span> <span class='ocrx_word' id='word_1_128' title='bbox 1706 1755 1854 1800; x_wconf 89' lang='lat' dir='ltr'><strong>mea</strong></span> <span class='ocrx_word' id='word_1_129' title='bbox 1895 1735 2083 1799; x_wconf 89' lang='lat' dir='ltr'><strong>firma</strong></span> <span class='ocrx_word' id='word_1_130' title='bbox 2111 1735 2200 1799; x_wconf 93' lang='lat' dir='ltr'><strong>sit</strong></span> <span class='ocrx_word' id='word_1_131' title='bbox 2228 1755 2481 1819; x_wconf 84' lang='lat' dir='ltr'><strong>semper</strong></span> <span class='ocrx_word' id='word_1_132' title='bbox 2505 1741 2574 1799; x_wconf 89' lang='lat' dir='ltr'><strong>et</strong></span> 
     </span>
     <span class='ocr_line' id='line_1_15' title="bbox 276 1819 2572 1906; baseline 0.001 -20"><span class='ocrx_word' id='word_1_133' title='bbox 276 1821 557 1898; x_wconf 84' lang='lat' dir='ltr'><strong>stabilis,</strong></span> <span class='ocrx_word' id='word_1_134' title='bbox 588 1842 705 1906; x_wconf 87' lang='lat' dir='ltr'><strong>ego</strong></span> <span class='ocrx_word' id='word_1_135' title='bbox 748 1823 890 1906; x_wconf 91' lang='lat' dir='ltr'><strong>ipse</strong></span> <span class='ocrx_word' id='word_1_136' title='bbox 917 1829 987 1887; x_wconf 91' lang='lat' dir='ltr'><strong>et</strong></span> <span class='ocrx_word' id='word_1_137' title='bbox 1014 1819 1199 1886; x_wconf 72' lang='lat' dir='ltr'><strong>xii⁰¹¹²¹</strong></span> <span class='ocrx_word' id='word_1_138' title='bbox 1242 1821 1429 1886; x_wconf 90' lang='lat' dir='ltr'><strong>liberi</strong></span> <span class='ocrx_word' id='word_1_139' title='bbox 1473 1823 1768 1887; x_wconf 90' lang='lat' dir='ltr'><strong>homines</strong></span> <span class='ocrx_word' id='word_1_140' title='bbox 1811 1823 1944 1886; x_wconf 90' lang='lat' dir='ltr'><strong>mei</strong></span> <span class='ocrx_word' id='word_1_141' title='bbox 1987 1822 2288 1887; x_wconf 90' lang='lat' dir='ltr'><strong>manibus</strong></span> <span class='ocrx_word' id='word_1_142' title='bbox 2333 1823 2572 1888; x_wconf 86' lang='lat' dir='ltr'><strong>nostris</strong></span> 
     </span>
     <span class='ocr_line' id='line_1_16' title="bbox 278 1907 2574 1974; baseline 0.001 -3"><span class='ocrx_word' id='word_1_143' title='bbox 278 1907 693 1973; x_wconf 86' lang='lat' dir='ltr'><strong>affidavimus</strong></span> <span class='ocrx_word' id='word_1_144' title='bbox 759 1909 832 1972; x_wconf 92' lang='lat' dir='ltr'><strong>in</strong></span> <span class='ocrx_word' id='word_1_145' title='bbox 894 1929 1095 1974; x_wconf 87' lang='lat' dir='ltr'><strong>manu</strong></span> <span class='ocrx_word' id='word_1_146' title='bbox 1154 1909 1476 1973; x_wconf 86' lang='lat' dir='ltr'><strong>Willelmi</strong></span> <span class='ocrx_word' id='word_1_147' title='bbox 1533 1908 1616 1974; x_wconf 92' lang='lat' dir='ltr'><strong>de</strong></span> <span class='ocrx_word' id='word_1_148' title='bbox 1673 1909 2085 1974; x_wconf 85' lang='lat' dir='ltr'><strong>Mundevilla</strong></span> <span class='ocrx_word' id='word_1_149' title='bbox 2141 1909 2282 1974; x_wconf 80' lang='lat' dir='ltr'><strong>haec</strong></span> <span class='ocrx_word' id='word_1_150' title='bbox 2355 1910 2574 1974; x_wconf 87' lang='lat' dir='ltr'><strong>omnia</strong></span> 
     </span>
     <span class='ocr_line' id='line_1_17' title="bbox 278 1994 2574 2081; baseline 0 -22"><span class='ocrx_word' id='word_1_151' title='bbox 278 1994 563 2060; x_wconf 89' lang='lat' dir='ltr'><strong>fideliter</strong></span> <span class='ocrx_word' id='word_1_152' title='bbox 591 2001 661 2060; x_wconf 87' lang='lat' dir='ltr'><strong>et</strong></span> <span class='ocrx_word' id='word_1_153' title='bbox 703 1997 845 2060; x_wconf 90' lang='lat' dir='ltr'><strong>sine</strong></span> <span class='ocrx_word' id='word_1_154' title='bbox 887 1995 1059 2061; x_wconf 89' lang='lat' dir='ltr'><strong>malo</strong></span> <span class='ocrx_word' id='word_1_155' title='bbox 1102 1996 1363 2081; x_wconf 85' lang='lat' dir='ltr'><strong>ingenio</strong></span> <span class='ocrx_word' id='word_1_156' title='bbox 1398 1997 1714 2060; x_wconf 86' lang='lat' dir='ltr'><strong>servanda</strong></span> <span class='ocrx_word' id='word_1_157' title='bbox 1755 1997 1828 2060; x_wconf 92' lang='lat' dir='ltr'><strong>in</strong></span> <span class='ocrx_word' id='word_1_158' title='bbox 1867 2002 2270 2081; x_wconf 89' lang='lat' dir='ltr'><strong>perpetuum.</strong></span> <span class='ocrx_word' id='word_1_159' title='bbox 2363 1997 2476 2062; x_wconf 89' lang='lat' dir='ltr'><strong>Set</strong></span> <span class='ocrx_word' id='word_1_160' title='bbox 2505 2003 2574 2062; x_wconf 91' lang='lat' dir='ltr'><strong>et</strong></span> 
     </span>
     <span class='ocr_line' id='line_1_18' title="bbox 276 2081 2572 2168; baseline 0.001 -21"><span class='ocrx_word' id='word_1_161' title='bbox 276 2081 639 2147; x_wconf 74' lang='lat' dir='ltr'><strong>Ecclesiam</strong></span> <span class='ocrx_word' id='word_1_162' title='bbox 668 2083 878 2160; x_wconf 73' lang='lat' dir='ltr'><strong>Ebor„</strong></span> <span class='ocrx_word' id='word_1_163' title='bbox 906 2083 977 2147; x_wconf 92' lang='lat' dir='ltr'><strong>in</strong></span> <span class='ocrx_word' id='word_1_164' title='bbox 1008 2084 1194 2167; x_wconf 88' lang='lat' dir='ltr'><strong>cujus</strong></span> <span class='ocrx_word' id='word_1_165' title='bbox 1239 2083 1544 2167; x_wconf 88' lang='lat' dir='ltr'><strong>Capitulo</strong></span> <span class='ocrx_word' id='word_1_166' title='bbox 1589 2083 1758 2148; x_wconf 88' lang='lat' dir='ltr'><strong>hanc</strong></span> <span class='ocrx_word' id='word_1_167' title='bbox 1802 2083 2239 2148; x_wconf 86' lang='lat' dir='ltr'><strong>affidationem</strong></span> <span class='ocrx_word' id='word_1_168' title='bbox 2283 2084 2426 2160; x_wconf 86' lang='lat' dir='ltr'><strong>feci,</strong></span> <span class='ocrx_word' id='word_1_169' title='bbox 2455 2103 2572 2168; x_wconf 87' lang='lat' dir='ltr'><strong>ego</strong></span> 
     </span>
     <span class='ocr_line' id='line_1_19' title="bbox 276 2169 2574 2252; baseline 0 -18"><span class='ocrx_word' id='word_1_170' title='bbox 276 2174 351 2234; x_wconf 90' lang='lat' dir='ltr'><strong>et</strong></span> <span class='ocrx_word' id='word_1_171' title='bbox 392 2169 688 2252; x_wconf 70' lang='lat' dir='ltr'><strong>praedicti</strong></span> <span class='ocrx_word' id='word_1_172' title='bbox 730 2169 1025 2236; x_wconf 89' lang='lat' dir='ltr'><strong>homines</strong></span> <span class='ocrx_word' id='word_1_173' title='bbox 1069 2170 1199 2235; x_wconf 90' lang='lat' dir='ltr'><strong>mei</strong></span> <span class='ocrx_word' id='word_1_174' title='bbox 1242 2170 1472 2235; x_wconf 88' lang='lat' dir='ltr'><strong>horum</strong></span> <span class='ocrx_word' id='word_1_175' title='bbox 1520 2171 1814 2234; x_wconf 89' lang='lat' dir='ltr'><strong>omnium</strong></span> <span class='ocrx_word' id='word_1_176' title='bbox 1857 2177 2092 2236; x_wconf 87' lang='lat' dir='ltr'><strong>testem</strong></span> <span class='ocrx_word' id='word_1_177' title='bbox 2135 2171 2310 2236; x_wconf 85' lang='lat' dir='ltr'><strong>inter</strong></span> <span class='ocrx_word' id='word_1_178' title='bbox 2351 2191 2456 2235; x_wconf 91' lang='lat' dir='ltr'><strong>me</strong></span> <span class='ocrx_word' id='word_1_179' title='bbox 2505 2177 2574 2236; x_wconf 91' lang='lat' dir='ltr'><strong>et</strong></span> 
     </span>
     <span class='ocr_line' id='line_1_20' title="bbox 276 2255 2573 2342; baseline 0 -21"><span class='ocrx_word' id='word_1_180' title='bbox 276 2255 546 2321; x_wconf 87' lang='lat' dir='ltr'><strong>eosdem</strong></span> <span class='ocrx_word' id='word_1_181' title='bbox 574 2257 925 2322; x_wconf 89' lang='lat' dir='ltr'><strong>monachos</strong></span> <span class='ocrx_word' id='word_1_182' title='bbox 969 2258 1296 2334; x_wconf 89' lang='lat' dir='ltr'><strong>constitui,</strong></span> <span class='ocrx_word' id='word_1_183' title='bbox 1327 2257 1423 2322; x_wconf 86' lang='lat' dir='ltr'><strong>ita</strong></span> <span class='ocrx_word' id='word_1_184' title='bbox 1464 2263 1545 2322; x_wconf 92' lang='lat' dir='ltr'><strong>ut</strong></span> <span class='ocrx_word' id='word_1_185' title='bbox 1586 2258 1646 2322; x_wconf 90' lang='lat' dir='ltr'><strong>si</strong></span> <span class='ocrx_word' id='word_1_186' title='bbox 1689 2277 1807 2342; x_wconf 87' lang='lat' dir='ltr'><strong>ego</strong></span> <span class='ocrx_word' id='word_1_187' title='bbox 1847 2257 1957 2322; x_wconf 84' lang='lat' dir='ltr'><strong>vel</strong></span> <span class='ocrx_word' id='word_1_188' title='bbox 1999 2257 2286 2322; x_wconf 69' lang='lat' dir='ltr'><strong>haeredes</strong></span> <span class='ocrx_word' id='word_1_189' title='bbox 2330 2259 2462 2322; x_wconf 93' lang='lat' dir='ltr'><strong>mei</strong></span> <span class='ocrx_word' id='word_1_190' title='bbox 2489 2257 2573 2323; x_wconf 90' lang='lat' dir='ltr'><strong>ab</strong></span> 
     </span>
     <span class='ocr_line' id='line_1_21' title="bbox 280 2342 2574 2428; baseline -0 -20"><span class='ocrx_word' id='word_1_191' title='bbox 280 2343 409 2408; x_wconf 82' lang='lat' dir='ltr'><strong>hac</strong></span> <span class='ocrx_word' id='word_1_192' title='bbox 430 2342 761 2408; x_wconf 89' lang='lat' dir='ltr'><strong>dotatione</strong></span> <span class='ocrx_word' id='word_1_193' title='bbox 792 2351 859 2409; x_wconf 92' lang='grc' dir='ltr'><strong>εδ</strong></span> <span class='ocrx_word' id='word_1_194' title='bbox 878 2344 1077 2428; x_wconf 88' lang='lat' dir='ltr'><strong>hujus</strong></span> <span class='ocrx_word' id='word_1_195' title='bbox 1108 2351 1301 2410; x_wconf 82' lang='lat' dir='ltr'><strong>cartae</strong></span> <span class='ocrx_word' id='word_1_196' title='bbox 1328 2351 1552 2410; x_wconf 88' lang='lat' dir='ltr'><strong>tenore</strong></span> <span class='ocrx_word' id='word_1_197' title='bbox 1574 2344 1834 2409; x_wconf 88' lang='lat' dir='ltr'><strong>deviare</strong></span> <span class='ocrx_word' id='word_1_198' title='bbox 1863 2344 2416 2428; x_wconf 83' lang='lat' dir='ltr'><strong>temptaverimus,</strong></span> <span class='ocrx_word' id='word_1_199' title='bbox 2431 2346 2574 2428; x_wconf 86' lang='lat' dir='ltr'><strong>ipsa</strong></span> 
     </span>
    </p>
   </div>
   <div class='ocr_carea' id='block_1_3' title="bbox 278 2430 2572 2603">
    <p class='ocr_par' dir='ltr' id='par_1_3' title="bbox 278 2430 2572 2603">
     <span class='ocr_line' id='line_1_22' title="bbox 278 2430 2572 2517; baseline 0.001 -22"><span class='ocrx_word' id='word_1_200' title='bbox 278 2430 573 2496; x_wconf 85' lang='lat' dir='ltr'><strong>Ecclesia</strong></span> <span class='ocrx_word' id='word_1_201' title='bbox 600 2431 686 2494; x_wconf 87' lang='lat' dir='ltr'><strong>ad</strong></span> <span class='ocrx_word' id='word_1_202' title='bbox 728 2432 867 2496; x_wconf 82' lang='lat' dir='ltr'><strong>haec</strong></span> <span class='ocrx_word' id='word_1_203' title='bbox 894 2430 1274 2517; x_wconf 86' lang='lat' dir='ltr'><strong>exequenda</strong></span> <span class='ocrx_word' id='word_1_204' title='bbox 1302 2451 1419 2496; x_wconf 89' lang='lat' dir='ltr'><strong>nos</strong></span> <span class='ocrx_word' id='word_1_205' title='bbox 1450 2430 1882 2497; x_wconf 84' lang='lat' dir='ltr'><strong>ecclesiastica</strong></span> <span class='ocrx_word' id='word_1_206' title='bbox 1925 2438 2182 2497; x_wconf 83' lang='lat' dir='ltr'><strong>revocet</strong></span> <span class='ocrx_word' id='word_1_207' title='bbox 2211 2430 2572 2515; x_wconf 83' lang='lat' dir='ltr'><strong>disciplina.</strong></span> 
     </span>
     <span class='ocr_line' id='line_1_23' title="bbox 278 2517 1650 2603; baseline 0.001 -21"><span class='ocrx_word' id='word_1_208' title='bbox 278 2517 414 2583; x_wconf 83' lang='lat' dir='ltr'><strong>His</strong></span> <span class='ocrx_word' id='word_1_209' title='bbox 442 2517 513 2582; x_wconf 89' lang='grc' dir='ltr'><strong>Τ.</strong></span> <span class='ocrx_word' id='word_1_210' title='bbox 602 2518 855 2602; x_wconf 87' lang='lat' dir='ltr'><strong>Rogero</strong></span> <span class='ocrx_word' id='word_1_211' title='bbox 882 2518 1073 2585; x_wconf 90' lang='lat' dir='ltr'><strong>Ebor.</strong></span> <span class='ocrx_word' id='word_1_212' title='bbox 1108 2519 1650 2603; x_wconf 78' lang='lat' dir='ltr'><strong>Archiepisoopo.²</strong></span> 
     </span>
    </p>
   </div>
   <div class='ocr_carea' id='block_1_4' title="bbox 373 2741 2480 2810">
    <p class='ocr_par' dir='ltr' id='par_1_4' title="bbox 373 2741 2480 2810">
     <span class='ocr_line' id='line_1_24' title="bbox 373 2741 2480 2810; baseline 0.001 -2"><span class='ocrx_word' id='word_1_213' title='bbox 373 2741 669 2809; x_wconf 75' lang='lat' dir='ltr'>CCXVI.</span> <span class='ocrx_word' id='word_1_214' title='bbox 716 2743 963 2808; x_wconf 82' lang='lat' dir='ltr'><strong>TRAN</strong></span> <span class='ocrx_word' id='word_1_215' title='bbox 965 2743 1425 2809; x_wconf 76' lang='lat' dir='ltr'>SCRIPTUM</span> <span class='ocrx_word' id='word_1_216' title='bbox 1470 2743 1786 2809; x_wconf 82' lang='lat' dir='ltr'>CARTAE</span> <span class='ocrx_word' id='word_1_217' title='bbox 1827 2743 1954 2807; x_wconf 89' lang='lat' dir='ltr'><strong>DE</strong></span> <span class='ocrx_word' id='word_1_218' title='bbox 1997 2741 2480 2810; x_wconf 72' lang='grc' dir='ltr'><strong>ΚΙΒΟΗΑΜ.8</strong></span> 
     </span>
    </p>
   </div>
   <div class='ocr_carea' id='block_1_5' title="bbox 374 2888 2880 2975">
    <p class='ocr_par' dir='ltr' id='par_1_5' title="bbox 374 2888 2880 2975">
     <span class='ocr_line' id='line_1_25' title="bbox 374 2888 2880 2975; baseline -0.001 -19"><span class='ocrx_word' id='word_1_219' title='bbox 374 2888 600 2956; x_wconf 88' lang='lat' dir='ltr'><strong>Sciant</strong></span> <span class='ocrx_word' id='word_1_220' title='bbox 627 2897 974 2975; x_wconf 85' lang='lat' dir='ltr'><strong>praesentes</strong></span> <span class='ocrx_word' id='word_1_221' title='bbox 1004 2896 1073 2956; x_wconf 90' lang='lat' dir='ltr'><strong>et</strong></span> <span class='ocrx_word' id='word_1_222' title='bbox 1102 2889 1311 2956; x_wconf 85' lang='lat' dir='ltr'><strong>futuri</strong></span> <span class='ocrx_word' id='word_1_223' title='bbox 1340 2889 1514 2974; x_wconf 89' lang='lat' dir='ltr'><strong>quod</strong></span> <span class='ocrx_word' id='word_1_224' title='bbox 1544 2909 1678 2974; x_wconf 88' lang='lat' dir='ltr'><strong>eg0,</strong></span> <span class='ocrx_word' id='word_1_225' title='bbox 1706 2888 2040 2954; x_wconf 83' lang='lat' dir='ltr'><strong>walterus</strong></span> <span class='ocrx_word' id='word_1_226' title='bbox 2071 2889 2296 2974; x_wconf 90' lang='lat' dir='ltr'><strong>Espec,</strong></span> <span class='ocrx_word' id='word_1_227' title='bbox 2326 2889 2476 2955; x_wconf 89' lang='lat' dir='ltr'><strong>dedi</strong></span> <span class='ocrx_word' id='word_1_228' title='bbox 2507 2895 2574 2955; x_wconf 91' lang='lat' dir='ltr'><strong>et</strong></span> <span class='ocrx_word' id='word_1_229' title='bbox 2599 2913 2724 2964; x_wconf 74' lang='lat' dir='ltr'><strong>copy</strong></span> <span class='ocrx_word' id='word_1_230' title='bbox 2740 2912 2792 2954; x_wconf 76' lang='lat' dir='ltr'><strong>or</strong></span> <span class='ocrx_word' id='word_1_231' title='bbox 2803 2913 2880 2955; x_wconf 65' lang='lat' dir='ltr'><strong>um</strong></span> 
     </span>
    </p>
   </div>
   <div class='ocr_carea' id='block_1_6' title="bbox 278 2976 2576 3393">
    <p class='ocr_par' dir='ltr' id='par_1_6' title="bbox 278 2976 2576 3393">
     <span class='ocr_line' id='line_1_26' title="bbox 278 2976 2570 3054; baseline -0.001 -11"><span class='ocrx_word' id='word_1_232' title='bbox 278 2977 575 3043; x_wconf 86' lang='lat' dir='ltr'><strong>concessi</strong></span> <span class='ocrx_word' id='word_1_233' title='bbox 642 2978 987 3044; x_wconf 84' lang='lat' dir='ltr'><strong>Canonicis</strong></span> <span class='ocrx_word' id='word_1_234' title='bbox 1034 2978 1115 3045; x_wconf 93' lang='lat' dir='ltr'><strong>de</strong></span> <span class='ocrx_word' id='word_1_235' title='bbox 1162 2978 1484 3043; x_wconf 90' lang='lat' dir='ltr'><strong>Kircham</strong></span> <span class='ocrx_word' id='word_1_236' title='bbox 1531 2977 1869 3042; x_wconf 88' lang='lat' dir='ltr'><strong>ecclesiam</strong></span> <span class='ocrx_word' id='word_1_237' title='bbox 1913 2977 1993 3041; x_wconf 92' lang='lat' dir='ltr'><strong>de</strong></span> <span class='ocrx_word' id='word_1_238' title='bbox 2039 2976 2376 3054; x_wconf 89' lang='lat' dir='ltr'><strong>Kircham,</strong></span> <span class='ocrx_word' id='word_1_239' title='bbox 2422 2997 2570 3042; x_wconf 91' lang='lat' dir='ltr'><strong>cum</strong></span> 
     </span>
     <span class='ocr_line' id='line_1_27' title="bbox 280 3063 2572 3148; baseline 0 -20"><span class='ocrx_word' id='word_1_240' title='bbox 280 3086 420 3129; x_wconf 89' lang='lat' dir='ltr'><strong>una</strong></span> <span class='ocrx_word' id='word_1_241' title='bbox 470 3071 769 3130; x_wconf 86' lang='lat' dir='ltr'><strong>carucata</strong></span> <span class='ocrx_word' id='word_1_242' title='bbox 808 3071 996 3131; x_wconf 84' lang='lat' dir='ltr'><strong>terrae</strong></span> <span class='ocrx_word' id='word_1_243' title='bbox 1019 3073 1085 3131; x_wconf 90' lang='lat' dir='ltr'><strong>et</strong></span> <span class='ocrx_word' id='word_1_244' title='bbox 1128 3065 1431 3130; x_wconf 90' lang='lat' dir='ltr'><strong>omnibus</strong></span> <span class='ocrx_word' id='word_1_245' title='bbox 1475 3063 1688 3129; x_wconf 89' lang='lat' dir='ltr'><strong>eidem</strong></span> <span class='ocrx_word' id='word_1_246' title='bbox 1733 3064 2020 3129; x_wconf 86' lang='lat' dir='ltr'><strong>ecclesiae</strong></span> <span class='ocrx_word' id='word_1_247' title='bbox 2058 3065 2572 3148; x_wconf 87' lang='lat' dir='ltr'><strong>pertinentibus:</strong></span> 
     </span>
     <span class='ocr_line' id='line_1_28' title="bbox 280 3151 2573 3229; baseline 0 -13"><span class='ocrx_word' id='word_1_248' title='bbox 280 3158 356 3216; x_wconf 91' lang='lat' dir='ltr'><strong>et</strong></span> <span class='ocrx_word' id='word_1_249' title='bbox 384 3151 720 3217; x_wconf 86' lang='lat' dir='ltr'><strong>ecclesiam</strong></span> <span class='ocrx_word' id='word_1_250' title='bbox 752 3152 832 3218; x_wconf 91' lang='lat' dir='ltr'><strong>de</strong></span> <span class='ocrx_word' id='word_1_251' title='bbox 877 3153 1182 3229; x_wconf 85' lang='lat' dir='ltr'><strong>Gartona,</strong></span> <span class='ocrx_word' id='word_1_252' title='bbox 1213 3173 1365 3217; x_wconf 90' lang='lat' dir='ltr'><strong>cum</strong></span> <span class='ocrx_word' id='word_1_253' title='bbox 1411 3172 1545 3216; x_wconf 87' lang='lat' dir='ltr'><strong>una</strong></span> <span class='ocrx_word' id='word_1_254' title='bbox 1575 3157 1874 3217; x_wconf 86' lang='lat' dir='ltr'><strong>carucata</strong></span> <span class='ocrx_word' id='word_1_255' title='bbox 1921 3159 2106 3216; x_wconf 84' lang='lat' dir='ltr'><strong>terrae</strong></span> <span class='ocrx_word' id='word_1_256' title='bbox 2156 3159 2224 3216; x_wconf 91' lang='lat' dir='ltr'><strong>et</strong></span> <span class='ocrx_word' id='word_1_257' title='bbox 2271 3153 2573 3216; x_wconf 88' lang='lat' dir='ltr'><strong>omnibus</strong></span> 
     </span>
     <span class='ocr_line' id='line_1_29' title="bbox 280 3237 2575 3324; baseline 0 -20"><span class='ocrx_word' id='word_1_258' title='bbox 280 3237 500 3304; x_wconf 92' lang='lat' dir='ltr'><strong>eidem</strong></span> <span class='ocrx_word' id='word_1_259' title='bbox 544 3239 827 3304; x_wconf 83' lang='lat' dir='ltr'><strong>ecclesiae</strong></span> <span class='ocrx_word' id='word_1_260' title='bbox 884 3240 1381 3324; x_wconf 89' lang='lat' dir='ltr'><strong>pertinentibus,</strong></span> <span class='ocrx_word' id='word_1_261' title='bbox 1442 3245 1510 3304; x_wconf 90' lang='lat' dir='ltr'><strong>et</strong></span> <span class='ocrx_word' id='word_1_262' title='bbox 1566 3239 1958 3303; x_wconf 88' lang='lat' dir='ltr'><strong>nominatim</strong></span> <span class='ocrx_word' id='word_1_263' title='bbox 2016 3259 2319 3322; x_wconf 88' lang='lat' dir='ltr'><strong>campum</strong></span> <span class='ocrx_word' id='word_1_264' title='bbox 2379 3259 2575 3323; x_wconf 91' lang='lat' dir='ltr'><strong>quem</strong></span> 
     </span>
     <span class='ocr_line' id='line_1_30' title="bbox 280 3325 2576 3393; baseline 0 -3"><span class='ocrx_word' id='word_1_265' title='bbox 280 3326 545 3390; x_wconf 88' lang='lat' dir='ltr'><strong>flattum</strong></span> <span class='ocrx_word' id='word_1_266' title='bbox 574 3327 635 3391; x_wconf 91' lang='lat' dir='ltr'><strong>S.</strong></span> <span class='ocrx_word' id='word_1_267' title='bbox 661 3327 1005 3392; x_wconf 85' lang='lat' dir='ltr'><strong>Michaelis</strong></span> <span class='ocrx_word' id='word_1_268' title='bbox 1026 3334 1300 3393; x_wconf 85' lang='lat' dir='ltr'><strong>vocant:</strong></span> <span class='ocrx_word' id='word_1_269' title='bbox 1346 3331 1415 3392; x_wconf 86' lang='lat' dir='ltr'><strong>et</strong></span> <span class='ocrx_word' id='word_1_270' title='bbox 1458 3326 1796 3391; x_wconf 87' lang='lat' dir='ltr'><strong>ecclesiam</strong></span> <span class='ocrx_word' id='word_1_271' title='bbox 1843 3325 1924 3390; x_wconf 94' lang='lat' dir='ltr'><strong>de</strong></span> <span class='ocrx_word' id='word_1_272' title='bbox 1968 3325 2248 3390; x_wconf 88' lang='lat' dir='ltr'><strong>Kirkebi</strong></span> <span class='ocrx_word' id='word_1_273' title='bbox 2276 3326 2349 3389; x_wconf 89' lang='lat' dir='ltr'><strong>in</strong></span> <span class='ocrx_word' id='word_1_274' title='bbox 2374 3327 2576 3391; x_wconf 86' lang='lat' dir='ltr'><strong>Cran-</strong></span> 
     </span>
    </p>
   </div>
   <div class='ocr_carea' id='block_1_7' title="bbox 276 3497 2578 4612">
    <p class='ocr_par' dir='ltr' id='par_1_7' title="bbox 276 3497 2578 3696">
     <span class='ocr_line' id='line_1_31' title="bbox 280 3497 2578 3567; baseline 0 -18"><span class='ocrx_word' id='word_1_275' title='bbox 280 3498 501 3564; x_wconf 66' lang='lat' dir='ltr'><strong>redity,</strong></span> <span class='ocrx_word' id='word_1_276' title='bbox 536 3498 633 3550; x_wconf 86' lang='lat' dir='ltr'><strong>the</strong></span> <span class='ocrx_word' id='word_1_277' title='bbox 674 3499 910 3565; x_wconf 76' lang='lat' dir='ltr'><strong>position</strong></span> <span class='ocrx_word' id='word_1_278' title='bbox 942 3499 1198 3566; x_wconf 85' lang='lat' dir='ltr'><strong>occupied</strong></span> <span class='ocrx_word' id='word_1_279' title='bbox 1232 3499 1307 3566; x_wconf 76' lang='lat' dir='ltr'><strong>by</strong></span> <span class='ocrx_word' id='word_1_280' title='bbox 1341 3515 1374 3550; x_wconf 81' lang='lat' dir='ltr'><strong>a</strong></span> <span class='ocrx_word' id='word_1_281' title='bbox 1553 3497 1576 3531; x_wconf 81' lang='lat'>⁸</span> <span class='ocrx_word' id='word_1_282' title='bbox 1608 3499 1666 3550; x_wconf 92' lang='lat' dir='ltr'><strong>It</strong></span> <span class='ocrx_word' id='word_1_283' title='bbox 1688 3515 1831 3565; x_wconf 80' lang='lat' dir='ltr'><strong>may,</strong></span> <span class='ocrx_word' id='word_1_284' title='bbox 1857 3501 1920 3550; x_wconf 77' lang='lat' dir='ltr'><strong>at</strong></span> <span class='ocrx_word' id='word_1_285' title='bbox 1949 3497 2071 3550; x_wconf 85' lang='lat' dir='ltr'><strong>first</strong></span> <span class='ocrx_word' id='word_1_286' title='bbox 2103 3498 2264 3567; x_wconf 82' lang='lat' dir='ltr'><strong>sight,</strong></span> <span class='ocrx_word' id='word_1_287' title='bbox 2303 3515 2446 3550; x_wconf 83' lang='lat' dir='ltr'><strong>seem</strong></span> <span class='ocrx_word' id='word_1_288' title='bbox 2479 3501 2578 3550; x_wconf 89' lang='lat' dir='ltr'><strong>out</strong></span> 
     </span>
     <span class='ocr_line' id='line_1_32' title="bbox 276 3564 2576 3631; baseline 0.001 -17"><span class='ocrx_word' id='word_1_289' title='bbox 276 3565 474 3630; x_wconf 74' lang='lat' dir='ltr'><strong>pedica</strong></span> <span class='ocrx_word' id='word_1_290' title='bbox 495 3564 553 3615; x_wconf 77' lang='lat' dir='ltr'><strong>of</strong></span> <span class='ocrx_word' id='word_1_291' title='bbox 583 3565 678 3616; x_wconf 86' lang='lat' dir='ltr'><strong>the</strong></span> <span class='ocrx_word' id='word_1_292' title='bbox 701 3565 1028 3631; x_wconf 83' lang='lat' dir='ltr'><strong>description</strong></span> <span class='ocrx_word' id='word_1_293' title='bbox 1061 3565 1373 3616; x_wconf 86' lang='lat' dir='ltr'><strong>mentioned</strong></span> <span class='ocrx_word' id='word_1_294' title='bbox 1484 3565 1544 3616; x_wconf 83' lang='lat' dir='ltr'><strong>of</strong></span> <span class='ocrx_word' id='word_1_295' title='bbox 1563 3564 1681 3616; x_wconf 87' lang='lat' dir='ltr'><strong>rule</strong></span> <span class='ocrx_word' id='word_1_296' title='bbox 1703 3567 1764 3616; x_wconf 87' lang='lat' dir='ltr'><strong>to</strong></span> <span class='ocrx_word' id='word_1_297' title='bbox 1787 3565 1898 3616; x_wconf 85' lang='lat' dir='ltr'><strong>find</strong></span> <span class='ocrx_word' id='word_1_298' title='bbox 1933 3580 1966 3615; x_wconf 81' lang='lat' dir='ltr'><strong>a</strong></span> <span class='ocrx_word' id='word_1_299' title='bbox 1997 3564 2136 3616; x_wconf 89' lang='lat' dir='ltr'><strong>deed</strong></span> <span class='ocrx_word' id='word_1_300' title='bbox 2168 3565 2448 3631; x_wconf 83' lang='lat' dir='ltr'><strong>recording</strong></span> <span class='ocrx_word' id='word_1_301' title='bbox 2479 3565 2576 3616; x_wconf 84' lang='lat' dir='ltr'><strong>the</strong></span> 
     </span>
     <span class='ocr_line' id='line_1_33' title="bbox 278 3628 2573 3696; baseline -0.001 -14"><span class='ocrx_word' id='word_1_302' title='bbox 278 3631 343 3682; x_wconf 87' lang='lat' dir='ltr'><strong>in</strong></span> <span class='ocrx_word' id='word_1_303' title='bbox 364 3629 461 3680; x_wconf 87' lang='lat' dir='ltr'><strong>the</strong></span> <span class='ocrx_word' id='word_1_304' title='bbox 482 3634 699 3695; x_wconf 85' lang='lat' dir='ltr'><strong>present</strong></span> <span class='ocrx_word' id='word_1_305' title='bbox 720 3631 871 3683; x_wconf 87' lang='lat' dir='ltr'><strong>deed.</strong></span> <span class='ocrx_word' id='word_1_306' title='bbox 1484 3645 1824 3695; x_wconf 80' lang='lat' dir='ltr'><strong>conveyance</strong></span> <span class='ocrx_word' id='word_1_307' title='bbox 1860 3629 1918 3682; x_wconf 77' lang='lat' dir='ltr'><strong>of</strong></span> <span class='ocrx_word' id='word_1_308' title='bbox 1955 3628 2120 3696; x_wconf 76' lang='lat' dir='ltr'><strong>large,</strong></span> <span class='ocrx_word' id='word_1_309' title='bbox 2159 3629 2269 3681; x_wconf 81' lang='lat' dir='ltr'><strong>and</strong></span> <span class='ocrx_word' id='word_1_310' title='bbox 2312 3630 2573 3696; x_wconf 81' lang='lat' dir='ltr'><strong>virtually</strong></span> 
     </span>
    </p>

    <p class='ocr_par' dir='ltr' id='par_1_8' title="bbox 276 3693 2574 4597">
     <span class='ocr_line' id='line_1_34' title="bbox 350 3693 2571 3774; baseline 0 -29"><span class='ocrx_word' id='word_1_311' title='bbox 350 3693 371 3726; x_wconf 79' lang='lat'>¹</span> <span class='ocrx_word' id='word_1_312' title='bbox 405 3695 650 3746; x_wconf 87' lang='lat' dir='ltr'><strong>Another</strong></span> <span class='ocrx_word' id='word_1_313' title='bbox 680 3696 913 3762; x_wconf 84' lang='lat' dir='ltr'><strong>striking</strong></span> <span class='ocrx_word' id='word_1_314' title='bbox 943 3698 1167 3759; x_wconf 76' lang='lat' dir='ltr'><strong>feature,</strong></span> <span class='ocrx_word' id='word_1_315' title='bbox 1194 3695 1239 3746; x_wconf 75' lang='lat' dir='ltr'><strong>if</strong></span> <span class='ocrx_word' id='word_1_316' title='bbox 1270 3699 1369 3747; x_wconf 91' lang='lat' dir='ltr'><strong>not</strong></span> <span class='ocrx_word' id='word_1_317' title='bbox 1482 3694 1876 3758; x_wconf 82' lang='lat' dir='ltr'><strong>foundational‚</strong></span> <span class='ocrx_word' id='word_1_318' title='bbox 1903 3701 2090 3774; x_wconf 69' lang='lat' dir='ltr'><strong>grants</strong></span> <span class='ocrx_word' id='word_1_319' title='bbox 2124 3700 2185 3746; x_wconf 89' lang='lat' dir='ltr'><strong>to</strong></span> <span class='ocrx_word' id='word_1_320' title='bbox 2217 3695 2446 3747; x_wconf 87' lang='lat' dir='ltr'><strong>another</strong></span> <span class='ocrx_word' id='word_1_321' title='bbox 2468 3695 2571 3746; x_wconf 84' lang='lat' dir='ltr'><strong>Re·</strong></span> 
     </span>
     <span class='ocr_line' id='line_1_35' title="bbox 276 3759 2574 3827; baseline 0 -17"><span class='ocrx_word' id='word_1_322' title='bbox 276 3759 343 3810; x_wconf 69' lang='grc' dir='ltr'><strong>οἰ</strong></span> <span class='ocrx_word' id='word_1_323' title='bbox 384 3760 479 3810; x_wconf 88' lang='lat' dir='ltr'><strong>the</strong></span> <span class='ocrx_word' id='word_1_324' title='bbox 522 3761 699 3821; x_wconf 83' lang='lat' dir='ltr'><strong>times,</strong></span> <span class='ocrx_word' id='word_1_325' title='bbox 745 3765 841 3827; x_wconf 81' lang='lat' dir='ltr'><strong>yet</strong></span> <span class='ocrx_word' id='word_1_326' title='bbox 881 3765 943 3812; x_wconf 76' lang='lat' dir='ltr'><strong>at</strong></span> <span class='ocrx_word' id='word_1_327' title='bbox 990 3761 1129 3813; x_wconf 82' lang='lat' dir='ltr'><strong>least</strong></span> <span class='ocrx_word' id='word_1_328' title='bbox 1172 3761 1231 3813; x_wconf 79' lang='lat' dir='ltr'><strong>of</strong></span> <span class='ocrx_word' id='word_1_329' title='bbox 1270 3760 1367 3812; x_wconf 87' lang='lat' dir='ltr'><strong>the</strong></span> <span class='ocrx_word' id='word_1_330' title='bbox 1480 3760 1674 3827; x_wconf 82' lang='lat' dir='ltr'><strong>ligious</strong></span> <span class='ocrx_word' id='word_1_331' title='bbox 1707 3761 1892 3811; x_wconf 88' lang='lat' dir='ltr'><strong>House</strong></span> <span class='ocrx_word' id='word_1_332' title='bbox 1914 3777 1973 3810; x_wconf 77' lang='lat' dir='ltr'><strong>in</strong></span> <span class='ocrx_word' id='word_1_333' title='bbox 2004 3760 2100 3811; x_wconf 92' lang='lat' dir='ltr'><strong>the</strong></span> <span class='ocrx_word' id='word_1_334' title='bbox 2131 3759 2495 3813; x_wconf 74' lang='lat' dir='ltr'><strong>cartularium</strong></span> <span class='ocrx_word' id='word_1_335' title='bbox 2517 3760 2574 3812; x_wconf 75' lang='lat' dir='ltr'><strong>of</strong></span> 
     </span>
     <span class='ocr_line' id='line_1_36' title="bbox 278 3825 2572 3892; baseline 0 -16"><span class='ocrx_word' id='word_1_336' title='bbox 278 3825 559 3876; x_wconf 79' lang='lat' dir='ltr'><strong>condition</strong></span> <span class='ocrx_word' id='word_1_337' title='bbox 612 3826 724 3877; x_wconf 88' lang='lat' dir='ltr'><strong>this</strong></span> <span class='ocrx_word' id='word_1_338' title='bbox 778 3826 908 3878; x_wconf 77' lang='lat' dir='ltr'><strong>wild</strong></span> <span class='ocrx_word' id='word_1_339' title='bbox 962 3843 1097 3878; x_wconf 89' lang='lat' dir='ltr'><strong>coun</strong></span> <span class='ocrx_word' id='word_1_340' title='bbox 1234 3827 1367 3877; x_wconf 89' lang='lat' dir='ltr'><strong>then</strong></span> <span class='ocrx_word' id='word_1_341' title='bbox 1478 3842 1587 3892; x_wconf 83' lang='lat' dir='ltr'><strong>any</strong></span> <span class='ocrx_word' id='word_1_342' title='bbox 1629 3825 1823 3892; x_wconf 81' lang='lat' dir='ltr'><strong>Abbey</strong></span> <span class='ocrx_word' id='word_1_343' title='bbox 1876 3825 2226 3879; x_wconf 79' lang='lat' dir='ltr'><strong>whatsoever.</strong></span> <span class='ocrx_word' id='word_1_344' title='bbox 2327 3826 2438 3877; x_wconf 90' lang='lat' dir='ltr'><strong>But</strong></span> <span class='ocrx_word' id='word_1_345' title='bbox 2490 3843 2572 3878; x_wconf 76' lang='lat' dir='ltr'><strong>we</strong></span> 
     </span>
     <span class='ocr_line' id='line_1_37' title="bbox 281 3891 2570 3958; baseline 0.001 -16"><span class='ocrx_word' id='word_1_346' title='bbox 281 3905 395 3942; x_wconf 69' lang='lat' dir='ltr'><strong>was</strong></span> <span class='ocrx_word' id='word_1_347' title='bbox 416 3891 493 3952; x_wconf 87' lang='lat' dir='ltr'><strong>in,</strong></span> <span class='ocrx_word' id='word_1_348' title='bbox 518 3895 577 3942; x_wconf 81' lang='lat' dir='ltr'><strong>at</strong></span> <span class='ocrx_word' id='word_1_349' title='bbox 614 3891 708 3942; x_wconf 89' lang='lat' dir='ltr'><strong>the</strong></span> <span class='ocrx_word' id='word_1_350' title='bbox 740 3891 867 3942; x_wconf 77' lang='lat' dir='ltr'><strong>date</strong></span> <span class='ocrx_word' id='word_1_351' title='bbox 899 3892 955 3943; x_wconf 81' lang='lat' dir='ltr'><strong>of</strong></span> <span class='ocrx_word' id='word_1_352' title='bbox 984 3892 1099 3943; x_wconf 84' lang='lat' dir='ltr'><strong>this</strong></span> <span class='ocrx_word' id='word_1_353' title='bbox 1130 3909 1159 3942; x_wconf 92' lang='lat' dir='ltr'><strong>c</strong></span> <span class='ocrx_word' id='word_1_354' title='bbox 1198 3897 1363 3954; x_wconf 83' lang='lat' dir='ltr'><strong>arter,</strong></span> <span class='ocrx_word' id='word_1_355' title='bbox 1480 3891 1620 3942; x_wconf 84' lang='lat' dir='ltr'><strong>have</strong></span> <span class='ocrx_word' id='word_1_356' title='bbox 1641 3891 1862 3958; x_wconf 75' lang='lat' dir='ltr'><strong>already</strong></span> <span class='ocrx_word' id='word_1_357' title='bbox 1896 3892 2111 3943; x_wconf 90' lang='lat' dir='ltr'><strong>become</strong></span> <span class='ocrx_word' id='word_1_358' title='bbox 2143 3907 2336 3954; x_wconf 65' lang='lat' dir='ltr'><strong>avare,</strong></span> <span class='ocrx_word' id='word_1_359' title='bbox 2372 3908 2442 3944; x_wconf 88' lang='lat' dir='ltr'><strong>on</strong></span> <span class='ocrx_word' id='word_1_360' title='bbox 2474 3891 2570 3944; x_wconf 87' lang='lat' dir='ltr'><strong>the</strong></span> 
     </span>
     <span class='ocr_line' id='line_1_38' title="bbox 280 3955 2570 4023; baseline 0 -16"><span class='ocrx_word' id='word_1_361' title='bbox 280 3972 348 4007; x_wconf 84' lang='lat' dir='ltr'><strong>or</strong></span> <span class='ocrx_word' id='word_1_362' title='bbox 384 3955 567 4007; x_wconf 79' lang='lat' dir='ltr'><strong>before</strong></span> <span class='ocrx_word' id='word_1_363' title='bbox 613 3958 756 4008; x_wconf 82' lang='lat'>1180.</span> <span class='ocrx_word' id='word_1_364' title='bbox 828 3957 957 4008; x_wconf 84' lang='lat' dir='ltr'><strong>And</strong></span> <span class='ocrx_word' id='word_1_365' title='bbox 998 3957 1227 4023; x_wconf 82' lang='lat' dir='ltr'><strong>perhaps</strong></span> <span class='ocrx_word' id='word_1_366' title='bbox 1271 3957 1367 4008; x_wconf 89' lang='lat' dir='ltr'><strong>the</strong></span> <span class='ocrx_word' id='word_1_367' title='bbox 1480 3956 1694 4022; x_wconf 75' lang='lat' dir='ltr'><strong>perusa-l</strong></span> <span class='ocrx_word' id='word_1_368' title='bbox 1737 3957 1796 4008; x_wconf 86' lang='lat' dir='ltr'><strong>of</strong></span> <span class='ocrx_word' id='word_1_369' title='bbox 1837 3957 1942 4009; x_wconf 81' lang='lat' dir='ltr'><strong>No.</strong></span> <span class='ocrx_word' id='word_1_370' title='bbox 1991 3969 2198 4018; x_wconf 70' lang='lat' dir='ltr'><strong>cxux„</strong></span> <span class='ocrx_word' id='word_1_371' title='bbox 2249 3957 2373 4008; x_wconf 83' lang='lat' dir='ltr'><strong>that</strong></span> <span class='ocrx_word' id='word_1_372' title='bbox 2415 3957 2570 4008; x_wconf 81' lang='lat' dir='ltr'><strong>there</strong></span> 
     </span>
     <span class='ocr_line' id='line_1_39' title="bbox 278 4021 2570 4074; baseline 0 -2"><span class='ocrx_word' id='word_1_373' title='bbox 278 4021 671 4072; x_wconf 74' lang='lat' dir='ltr'><strong>circumstance</strong></span> <span class='ocrx_word' id='word_1_374' title='bbox 712 4022 886 4073; x_wconf 86' lang='lat' dir='ltr'><strong>under</strong></span> <span class='ocrx_word' id='word_1_375' title='bbox 928 4027 1195 4074; x_wconf 87' lang='lat' dir='ltr'><strong>comment</strong></span> <span class='ocrx_word' id='word_1_376' title='bbox 1232 4021 1369 4073; x_wconf 71' lang='lat' dir='ltr'><strong>lose·</strong></span> <span class='ocrx_word' id='word_1_377' title='bbox 1482 4038 1625 4073; x_wconf 75' lang='lat' dir='ltr'><strong>were</strong></span> <span class='ocrx_word' id='word_1_378' title='bbox 1646 4022 1890 4073; x_wconf 75' lang='lat' dir='ltr'><strong>business</strong></span> <span class='ocrx_word' id='word_1_379' title='bbox 1927 4023 2288 4074; x_wconf 68' lang='lat' dir='ltr'><strong>transactioni!</strong></span> <span class='ocrx_word' id='word_1_380' title='bbox 2325 4022 2570 4074; x_wconf 78' lang='lat' dir='ltr'><strong>between</strong></span> 
     </span>
     <span class='ocr_line' id='line_1_40' title="bbox 280 4085 2570 4140; baseline 0.001 -3"><span class='ocrx_word' id='word_1_381' title='bbox 280 4101 423 4137; x_wconf 86' lang='lat' dir='ltr'><strong>none</strong></span> <span class='ocrx_word' id='word_1_382' title='bbox 455 4085 517 4137; x_wconf 77' lang='lat' dir='ltr'><strong>of</strong></span> <span class='ocrx_word' id='word_1_383' title='bbox 557 4087 630 4137; x_wconf 90' lang='lat' dir='ltr'><strong>its</strong></span> <span class='ocrx_word' id='word_1_384' title='bbox 672 4087 899 4139; x_wconf 86' lang='lat' dir='ltr'><strong>interest</strong></span> <span class='ocrx_word' id='word_1_385' title='bbox 927 4088 1085 4140; x_wconf 77' lang='lat' dir='ltr'><strong>when</strong></span> <span class='ocrx_word' id='word_1_386' title='bbox 1118 4103 1201 4138; x_wconf 79' lang='lat' dir='ltr'><strong>we</strong></span> <span class='ocrx_word' id='word_1_387' title='bbox 1244 4088 1371 4138; x_wconf 82' lang='lat' dir='ltr'><strong>bear</strong></span> <span class='ocrx_word' id='word_1_388' title='bbox 1482 4088 1578 4138; x_wconf 89' lang='lat' dir='ltr'><strong>the</strong></span> <span class='ocrx_word' id='word_1_389' title='bbox 1621 4091 1732 4138; x_wconf 76' lang='lat' dir='ltr'><strong>two</strong></span> <span class='ocrx_word' id='word_1_390' title='bbox 1783 4087 1978 4139; x_wconf 84' lang='lat' dir='ltr'><strong>houses</strong></span> <span class='ocrx_word' id='word_1_391' title='bbox 2031 4087 2090 4138; x_wconf 77' lang='lat' dir='ltr'><strong>of</strong></span> <span class='ocrx_word' id='word_1_392' title='bbox 2142 4087 2408 4139; x_wconf 77' lang='lat' dir='ltr'><strong>Rievaulx</strong></span> <span class='ocrx_word' id='word_1_393' title='bbox 2461 4087 2570 4139; x_wconf 79' lang='lat' dir='ltr'><strong>and</strong></span> 
     </span>
     <span class='ocr_line' id='line_1_41' title="bbox 282 4151 2569 4232; baseline 0 -29"><span class='ocrx_word' id='word_1_394' title='bbox 282 4152 343 4202; x_wconf 86' lang='lat' dir='ltr'><strong>in</strong></span> <span class='ocrx_word' id='word_1_395' title='bbox 374 4151 529 4202; x_wconf 87' lang='lat' dir='ltr'><strong>mind</strong></span> <span class='ocrx_word' id='word_1_396' title='bbox 548 4152 689 4216; x_wconf 81' lang='lat' dir='ltr'><strong>that,</strong></span> <span class='ocrx_word' id='word_1_397' title='bbox 728 4153 940 4204; x_wconf 83' lang='lat' dir='ltr'><strong>besides</strong></span> <span class='ocrx_word' id='word_1_398' title='bbox 972 4152 1087 4204; x_wconf 79' lang='lat' dir='ltr'><strong>this</strong></span> <span class='ocrx_word' id='word_1_399' title='bbox 1117 4157 1279 4220; x_wconf 77' lang='lat' dir='ltr'><strong>grant</strong></span> <span class='ocrx_word' id='word_1_400' title='bbox 1309 4157 1369 4204; x_wconf 87' lang='lat' dir='ltr'><strong>to</strong></span> <span class='ocrx_word' id='word_1_401' title='bbox 1484 4152 1756 4204; x_wconf 80' lang='lat' dir='ltr'><strong>Kirkham</strong></span> <span class='ocrx_word' id='word_1_402' title='bbox 1801 4153 1859 4204; x_wconf 81' lang='lat' dir='ltr'><strong>of</strong></span> <span class='ocrx_word' id='word_1_403' title='bbox 1911 4169 1946 4204; x_wconf 77' lang='lat' dir='ltr'><strong>a</strong></span> <span class='ocrx_word' id='word_1_404' title='bbox 1989 4153 2191 4232; x_wconf 77' lang='lat' dir='ltr'><strong>special</strong></span> <span class='ocrx_word' id='word_1_405' title='bbox 2234 4169 2295 4204; x_wconf 81' lang='lat' dir='ltr'><strong>as</strong></span> <span class='ocrx_word' id='word_1_406' title='bbox 2340 4152 2465 4203; x_wconf 78' lang='lat' dir='ltr'><strong>well</strong></span> <span class='ocrx_word' id='word_1_407' title='bbox 2507 4169 2569 4205; x_wconf 79' lang='lat' dir='ltr'><strong>as</strong></span> 
     </span>
     <span class='ocr_line' id='line_1_42' title="bbox 278 4217 2568 4332; baseline 0 -64"><span class='ocrx_word' id='word_1_408' title='bbox 278 4217 567 4279; x_wconf 59' lang='lat' dir='ltr'><strong>meaulx,</strong></span> <span class='ocrx_word' id='word_1_409' title='bbox 608 4222 792 4332; x_wconf 55' lang='lat' dir='ltr'><strong>§muts</strong></span> <span class='ocrx_word' id='word_1_410' title='bbox 830 4217 970 4284; x_wconf 80' lang='lat' dir='ltr'><strong>fully</strong></span> <span class='ocrx_word' id='word_1_411' title='bbox 990 4233 1051 4268; x_wconf 81' lang='lat' dir='ltr'><strong>as</strong></span> <span class='ocrx_word' id='word_1_412' title='bbox 1072 4219 1366 4281; x_wconf 81' lang='lat' dir='ltr'><strong>extensive,</strong></span> <span class='ocrx_word' id='word_1_413' title='bbox 1482 4218 1822 4284; x_wconf 78' lang='lat' dir='ltr'><strong>noteworthy</strong></span> <span class='ocrx_word' id='word_1_414' title='bbox 1864 4217 2036 4270; x_wconf 81' lang='lat' dir='ltr'><strong>deson</strong></span> <span class='ocrx_word' id='word_1_415' title='bbox 2075 4217 2202 4270; x_wconf 86' lang='lat' dir='ltr'><strong>tion.</strong></span> <span class='ocrx_word' id='word_1_416' title='bbox 2309 4218 2424 4269; x_wconf 82' lang='lat' dir='ltr'><strong>The</strong></span> <span class='ocrx_word' id='word_1_417' title='bbox 2465 4217 2568 4269; x_wconf 78' lang='lat' dir='ltr'><strong>fun</strong></span> 
     </span>
     <span class='ocr_line' id='line_1_43' title="bbox 276 4281 2568 4349; baseline 0 -15"><span class='ocrx_word' id='word_1_418' title='bbox 276 4281 391 4334; x_wconf 68' lang='lat' dir='ltr'><strong>and</strong></span> <span class='ocrx_word' id='word_1_419' title='bbox 434 4283 605 4348; x_wconf 72' lang='lat' dir='ltr'><strong>proba</strong></span> <span class='ocrx_word' id='word_1_420' title='bbox 640 4283 700 4349; x_wconf 80' lang='lat' dir='ltr'><strong>ly</strong></span> <span class='ocrx_word' id='word_1_421' title='bbox 732 4300 878 4335; x_wconf 85' lang='lat' dir='ltr'><strong>more</strong></span> <span class='ocrx_word' id='word_1_422' title='bbox 922 4282 1189 4346; x_wconf 73' lang='lat' dir='ltr'><strong>valuable,</strong></span> <span class='ocrx_word' id='word_1_423' title='bbox 1228 4299 1369 4334; x_wconf 75' lang='lat' dir='ltr'><strong>were</strong></span> <span class='ocrx_word' id='word_1_424' title='bbox 1484 4284 1878 4335; x_wconf 78' lang='lat' dir='ltr'><strong>consideration</strong></span> <span class='ocrx_word' id='word_1_425' title='bbox 1908 4283 1968 4335; x_wconf 77' lang='lat' dir='ltr'><strong>of</strong></span> <span class='ocrx_word' id='word_1_426' title='bbox 1997 4289 2028 4335; x_wconf 86' lang='lat' dir='ltr'><strong>t</strong></span> <span class='ocrx_word' id='word_1_427' title='bbox 2067 4283 2080 4298; x_wconf 79' lang='lat'>‘</span> <span class='ocrx_word' id='word_1_428' title='bbox 2143 4287 2358 4345; x_wconf 77' lang='lat' dir='ltr'><strong>matter,</strong></span> <span class='ocrx_word' id='word_1_429' title='bbox 2394 4298 2457 4334; x_wconf 77' lang='lat' dir='ltr'><strong>as</strong></span> <span class='ocrx_word' id='word_1_430' title='bbox 2494 4283 2568 4334; x_wconf 76' lang='lat' dir='ltr'><strong>al·</strong></span> 
     </span>
     <span class='ocr_line' id='line_1_44' title="bbox 278 4347 2570 4426; baseline 0.001 -28"><span class='ocrx_word' id='word_1_431' title='bbox 278 4347 441 4426; x_wconf 72' lang='lat' dir='ltr'><strong>made</strong></span> <span class='ocrx_word' id='word_1_432' title='bbox 472 4352 532 4399; x_wconf 87' lang='lat' dir='ltr'><strong>to</strong></span> <span class='ocrx_word' id='word_1_433' title='bbox 562 4349 659 4399; x_wconf 85' lang='lat' dir='ltr'><strong>the</strong></span> <span class='ocrx_word' id='word_1_434' title='bbox 683 4349 957 4416; x_wconf 72' lang='lat' dir='ltr'><strong>Templars</strong></span> <span class='ocrx_word' id='word_1_435' title='bbox 1001 4349 1059 4401; x_wconf 86' lang='lat' dir='ltr'><strong>in</strong></span> <span class='ocrx_word' id='word_1_436' title='bbox 1092 4349 1187 4400; x_wconf 89' lang='lat' dir='ltr'><strong>the</strong></span> <span class='ocrx_word' id='word_1_437' title='bbox 1224 4365 1369 4400; x_wconf 77' lang='lat' dir='ltr'><strong>same</strong></span> <span class='ocrx_word' id='word_1_438' title='bbox 1484 4349 1650 4414; x_wconf 77' lang='lat' dir='ltr'><strong>ready</strong></span> <span class='ocrx_word' id='word_1_439' title='bbox 1693 4349 1981 4400; x_wconf 77' lang='lat' dir='ltr'><strong>intimated</strong></span> <span class='ocrx_word' id='word_1_440' title='bbox 2025 4349 2084 4400; x_wconf 87' lang='lat' dir='ltr'><strong>in</strong></span> <span class='ocrx_word' id='word_1_441' title='bbox 2126 4365 2159 4399; x_wconf 79' lang='lat' dir='ltr'><strong>a</strong></span> <span class='ocrx_word' id='word_1_442' title='bbox 2201 4353 2328 4426; x_wconf 68' lang='lat' dir='ltr'><strong>note</strong></span> <span class='ocrx_word' id='word_1_443' title='bbox 2371 4352 2430 4399; x_wconf 83' lang='lat' dir='ltr'><strong>to</strong></span> <span class='ocrx_word' id='word_1_444' title='bbox 2471 4349 2570 4400; x_wconf 85' lang='lat' dir='ltr'><strong>the</strong></span> 
     </span>
     <span class='ocr_line' id='line_1_45' title="bbox 276 4413 2570 4597; baseline 0.001 -67"><span class='ocrx_word' id='word_1_445' title='bbox 276 4413 490 4595; x_wconf 54' lang='grc' dir='ltr'><strong>ΐῗῗὲἰε</strong></span> <span class='ocrx_word' id='word_1_446' title='bbox 508 4480 664 4531; x_wconf 84' lang='lat' dir='ltr'><strong>other</strong></span> <span class='ocrx_word' id='word_1_447' title='bbox 679 4479 940 4533; x_wconf 77' lang='lat' dir='ltr'><strong>witness’s</strong></span> <span class='ocrx_word' id='word_1_448' title='bbox 954 4495 1109 4533; x_wconf 75' lang='lat' dir='ltr'><strong>name</strong></span> <span class='ocrx_word' id='word_1_449' title='bbox 1126 4479 1172 4532; x_wconf 86' lang='lat' dir='ltr'><strong>is</strong></span> <span class='ocrx_word' id='word_1_450' title='bbox 1193 4477 1371 4532; x_wconf 80' lang='lat' dir='ltr'><strong>added</strong></span> <span class='ocrx_word' id='word_1_451' title='bbox 1484 4414 1716 4597; x_wconf 49' lang='grc' dir='ltr'><strong>ἓὲπξζ.</strong></span> <span class='ocrx_word' id='word_1_452' title='bbox 1729 4417 1894 4532; x_wconf 55' lang='lat' dir='ltr'><strong>(13th</strong></span> <span class='ocrx_word' id='word_1_453' title='bbox 1893 4415 2017 4531; x_wconf 46' lang='lat' dir='ltr'><strong>thgr</strong></span> <span class='ocrx_word' id='word_1_454' title='bbox 2037 4413 2570 4532; x_wconf 45' lang='grc' dir='ltr'><strong>(ὲῖἳὲιῖι-ζειίπίἓξνθδὶζ</strong></span> 
     </span>
    </p>

    <p class='ocr_par' dir='ltr' id='par_1_9' title="bbox 480 4561 1674 4612">
     <span class='ocr_line' id='line_1_46' title="bbox 480 4561 1674 4612; baseline 0.001 -17"><span class='ocrx_word' id='word_1_455' title='bbox 480 4581 496 4595; x_wconf 92' lang='grc'><strong>.</strong></span> <span class='ocrx_word' id='word_1_456' title='bbox 1484 4561 1674 4612; x_wconf 84' lang='lat' dir='ltr'><strong>presen</strong></span> 
     </span>
    </p>
   </div>
   <div class='ocr_carea' id='block_1_8' title="bbox 2597 2964 2878 3168">
    <p class='ocr_par' dir='ltr' id='par_1_10' title="bbox 2597 2964 2878 3168">
     <span class='ocr_line' id='line_1_47' title="bbox 2598 2964 2878 3006; baseline 0.007 -2"><span class='ocrx_word' id='word_1_457' title='bbox 2598 2964 2878 3006; x_wconf 73' lang='lat' dir='ltr'><strong>Foundntiou</strong></span> 
     </span>
     <span class='ocr_line' id='line_1_48' title="bbox 2597 3015 2859 3056; baseline 0.004 -1"><span class='ocrx_word' id='word_1_458' title='bbox 2597 3015 2785 3056; x_wconf 71' lang='lat' dir='ltr'><strong>Charton·</strong></span> <span class='ocrx_word' id='word_1_459' title='bbox 2807 3015 2859 3056; x_wconf 74' lang='lat' dir='ltr'><strong>ot</strong></span> 
     </span>
     <span class='ocr_line' id='line_1_49' title="bbox 2599 3065 2814 3107; baseline 0.005 -1"><span class='ocrx_word' id='word_1_460' title='bbox 2599 3065 2814 3107; x_wconf 69' lang='lat' dir='ltr'><strong>Kirkham</strong></span> 
     </span>
     <span class='ocr_line' id='line_1_50' title="bbox 2599 3117 2768 3168; baseline 0 -10"><span class='ocrx_word' id='word_1_461' title='bbox 2599 3117 2768 3168; x_wconf 73' lang='lat' dir='ltr'><strong>Priory.</strong></span> 
     </span>
    </p>
   </div>
  </div>
 </body>
</html>
