3075 5009
574 524 703 583 296
1232 536 1708 585 CARTULABIUM
1737 535 2200 584 mssvALLENslt.

572 693 842 771 nenciis,
871 715 985 778 per
1012 694 1322 778 perticam
1353 693 1590 778 viginti
1639 693 1898 778 pedum,
1926 694 1997 759 in
2025 693 2249 758 eadem
2278 693 2452 770 villa,
2482 693 2860 758 claudendis

578 781 819 844 fossato
870 787 939 845 et
986 781 1142 864 sepi,
1172 787 1241 845 et
1273 782 1535 845 utendis
1581 781 1750 846 sicut
1778 779 2120 858 voluerint,
2149 787 2216 846 et
2245 780 2328 846 de
2353 780 2558 845 libero
2601 801 2857 864 egressu

576 875 647 931 et
673 887 962 952 regressu
990 868 1117 931 sibi
1148 874 1215 932 et
1241 868 1617 933 hominibus
1653 876 1720 933 et
1757 868 1946 932 rebus
1991 874 2062 932 et
2099 868 2435 950 pecoribus
2465 875 2535 932 et
2563 868 2859 952 caringiis

573 954 713 1018 suis
743 955 826 1018 ad
855 955 1119 1019 boscum
1144 961 1211 1019 et
1237 961 1438 1020 terras
1456 963 1523 1019 et
1545 961 1842 1037 pasturas
1867 975 2055 1018 suas:
2085 954 2525 1019 Donationem
2553 1004 2570 1018 .
2601 1003 2618 1019 .
2651 1005 2668 1020 .
2693 975 2857 1038 quas

578 1040 775 1126 Hugo
820 1040 899 1110 de
942 1041 1181 1106 Baillol
1209 1092 1225 1106 .
1256 1091 1270 1106 .
1302 1091 1318 1106 .
1350 1043 1506 1106 fecit
1532 1041 1677 1106 Deo
1714 1089 1731 1106 .
1769 1089 1784 1106 .
1825 1089 1840 1106 .
1873 1041 1953 1104 de
1995 1049 2260 1125 pastura
2302 1041 2385 1105 ad
2428 1041 2860 1126 quadraginta

574 1148 793 1211 equas,
822 1148 971 1192 cum
1000 1137 1177 1193 secta
1212 1150 1332 1193 sua
1374 1129 1649 1192 duorum
1693 1148 2029 1204 annorum,
2058 1135 2126 1192 et
2153 1128 2237 1192 ad
2266 1127 2428 1193 duos
2457 1129 2758 1205 stalones,
2788 1137 2858 1193 et

574 1215 661 1278 ad
690 1216 851 1279 duas
881 1235 1027 1280 sues
1072 1235 1221 1280 cum
1253 1223 1428 1280 secta
1456 1235 1594 1292 sua,
1622 1236 1738 1299 per
1757 1221 1964 1278 totam
1994 1217 2300 1279 forestam
2319 1216 2522 1298 ipsius
2555 1216 2856 1300 Hugonis

579 1300 660 1365 de
706 1301 1011 1366 Tesedale
1039 1326 1054 1366 z
1097 1302 1535 1367 Donationem
1563 1351 1578 1366 .
1611 1351 1626 1366 .
1657 1352 1672 1367 .
1704 1322 1866 1385 quas
1917 1301 2089 1365 idem
2135 1302 2333 1387 Hugo
2359 1351 2376 1366 .
2413 1351 2428 1366 .
2459 1353 2474 1366 .
2507 1302 2665 1366 fecit
2715 1303 2858 1366 Deo

578 1437 597 1451 .
629 1437 643 1450 .
676 1437 691 1450 .
723 1388 805 1452 de
832 1389 1203 1453 molendino
1233 1410 1351 1453 suo
1380 1389 1461 1454 de
1504 1389 1858 1453 Midiltona
1901 1389 1972 1452 in
2015 1388 2337 1466 Tesedale,
2364 1409 2514 1454 cum
2557 1389 2862 1453 omnibus

580 1476 1003 1558 proventibus
1048 1476 1185 1540 suis
1229 1489 1297 1540 et
1337 1476 1773 1559 pertinenciis,
1804 1484 1871 1540 et
1900 1496 2049 1539 cum
2091 1475 2379 1540 multura
2405 1482 2472 1540 et
2515 1482 2655 1540 tota
2683 1482 2860 1540 secta

578 1561 917 1625 hominum
963 1565 1171 1646 ipsius
1221 1562 1522 1647 Hugonis
1575 1562 1656 1627 de
1707 1562 2072 1626 Mideltona
2129 1571 2198 1626 et
2253 1562 2594 1627 hominum
2649 1563 2856 1628 totius

576 1649 749 1712 feodi
778 1650 899 1726 sui,
930 1659 996 1714 et
1024 1650 1106 1714 de
1134 1650 1323 1714 domo
1368 1658 1436 1714 et
1479 1648 1660 1728 tofto,
1704 1671 1856 1713 cum
1898 1649 2336 1732 pertinenciis,
2379 1649 2450 1712 in
2495 1649 2670 1728 Hod,
2703 1671 2856 1734 quae

575 1736 843 1800 fuerunt
886 1735 1183 1820 Hugonis
1227 1737 1487 1814 Blundi,
1518 1744 1586 1801 et
1613 1736 1694 1801 de
1736 1743 2002 1820 pastura
2045 1736 2127 1800 ad
2171 1736 2394 1801 decem
2422 1756 2668 1814 vaccas,
2705 1757 2854 1801 cum

576 1831 763 1887 tauro
822 1830 889 1887 et
946 1824 1347 1888 nutrimento
1406 1845 1544 1903 suo,
1594 1823 1665 1886 in
1716 1823 2046 1888 communi
2095 1833 2364 1908 pastura
2413 1823 2496 1888 de
2543 1823 2856 1908 praedicta

576 1909 945 1986 Midiltona,
966 1911 1147 1974 intus
1178 1919 1245 1975 et
1272 1918 1476 1987 extra,
1493 1910 1927 1994 ubicunque.
1978 1959 1995 1974 .
2085 1910 2642 1975 ·Concessionem
2694 1960 2710 1974 .
2765 1962 2780 1974 .

575 2017 737 2079 quas
795 1997 972 2060 idem
1028 1998 1223 2082 Hugo
1267 2047 1283 2062 .
1328 2047 1343 2062 .
1389 1998 1610 2063 ‚fecit
1666 1997 1808 2061 Deo
1867 2003 1937 2061 et
1993 1996 2326 2064 monachis
2389 1998 2716 2081 praedictis
2775 1997 2856 2062 de

572 2083 759 2147 terris
806 2104 967 2167 quas
1017 2084 1207 2149 liberi
1263 2085 1558 2150 homines
1609 2085 1713 2148 sui
1763 2083 1844 2148 de
1903 2083 2314 2148 Middeltona
2368 2083 2442 2148 in
2499 2084 2857 2149 Thesedale

572 2171 667 2233 eis
726 2170 1116 2237 dederunt.
1177 2221 1193 2236 .
1254 2222 1269 2236 .
1320 2181 1387 2236 et
1445 2171 1526 2236 de
1578 2170 1874 2235 habendo
1933 2191 2132 2234 unam
2191 2171 2436 2234 faldam
2484 2172 2557 2234 in
2615 2172 2856 2237 These-

574 2255 755 2322 dale:
814 2258 1251 2324 Donationem
1294 2309 1309 2324 .
1354 2309 1371 2324 .
1416 2309 1429 2322 .
1478 2267 1542 2323 et
1583 2258 1964 2322 warentiam
2007 2279 2168 2341 quas
2227 2258 2400 2322 idem
2447 2259 2642 2343 Hugo
2695 2307 2712 2322 .

574 2344 729 2407 fecit
777 2344 919 2408 Deo
962 2396 977 2410 .
1025 2346 1235 2412 ..de
1279 2347 1579 2412 omnibus
1623 2345 2080 2409 donationibus
2125 2345 2438 2409 Bernardi
2467 2345 2549 2410 de
2593 2345 2857 2421 Baillol,

568 2433 961 2496 antecesoris
1032 2433 1155 2509 sui,
1228 2440 1295 2497 et
1358 2433 1439 2497 de
1512 2432 1903 2533 quibusdam
1974 2431 2387 2496 libertatibus
2459 2432 2541 2496 de
2610 2433 2858 2516 quibus

574 2519 903 2582 contentio
962 2527 1103 2584 orta
1138 2483 1275 2584 ’fuit
1318 2521 1491 2584 inter
1532 2520 1750 2602 ipsum
1802 2517 2152 2602 Hugonem
2195 2527 2263 2584 et
2318 2518 2713 2596 illos—scil,
2773 2529 2858 2585 ut

570 2605 804 2670 domus
826 2606 1085 2670 illorum
1110 2627 1309 2690 quam
1328 2607 1574 2670 habent
1593 2606 1662 2669 in
1687 2605 2079 2690 Egglishope
2095 2605 2333 2670 habeat
2351 2606 2422 2669 in
2440 2606 2856 2690 longitudine

574 2692 797 2756 decem
827 2694 1173 2776 perticatas
1204 2702 1271 2758 et
1298 2694 1368 2756 ιιι
1400 2692 1750 2758 latitudine
1790 2693 2030 2793 viginti
2070 2693 2284 2776 pedeS,
2313 2700 2382 2757 et
2423 2692 2504 2757 de
2549 2693 2854 2759 habendo

576 2780 645 2840 in
666 2785 930 2862 pastura
952 2781 1243 2863 ejusdem
1265 2781 1646 2845 Mideltonae
1669 2781 1878 2844 sexies
1901 2780 2140 2879 viginti
2160 2799 2312 2845 oves
2333 2801 2480 2864 quae
2499 2787 2856 2864 pascentur

574 2865 835 2950 ubique,
862 2888 1061 2966 prope
1102 2876 1169 2932 et
1204 2868 1447 2952 procul,
1487 2888 1640 2931 cum
1683 2866 1829 2930 aliis
1873 2867 2082 2930 sexies
2128 2867 2363 2951 viginti
2405 2868 2636 2932 ovibus
2679 2889 2851 2952 quas

573 2951 818 3017 habent
859 2955 930 3017 in
974 2955 1199 3019 eadem
1238 2963 1501 3038 pastura
1535 2975 1618 3019 ex
1663 2954 1831 3017 dono
1871 2953 2184 3018 Bernardi
2229 2955 2310 3018 de
2354 2953 2608 3030 BailloL
2653 2963 2724 3020 et
2767 2955 2854 3020 de

573 3059 782 3123 parco,
811 3040 892 3106 de
922 3062 1050 3125 quo
1080 3043 1325 3106 mentio
1356 3041 1477 3106 fit
1458 3063 1529 3104 ιιι
1559 3048 1737 3106 carta
1763 3041 1969 3124 ipsius
1999 3040 2299 3124 Hugonis
2341 3062 2541 3124 quam
2583 3040 2852 3119 habent,

570 3125 935 3192 claudendo
986 3129 1259 3213 singulis
1307 3129 1495 3193 annis
1547 3149 1587 3192 a
1637 3127 1851 3192 medio
1909 3127 2150 3191 mensis
2211 3129 2440 3192 Martii
2496 3148 2705 3212 usque
2765 3094 2852 3194 ad’

577 3180 1127 3279 Translationemt>
1144 3215 1203 3280 S.
1260 3215 1625 3293 Cuthberti,
1665 3222 1731 3279 et
1769 3215 1851 3278 de
1890 3213 2188 3278 habendo
2245 3214 2496 3299 reliquo
2557 3223 2852 3300 tempore

573 3299 733 3363 anni
782 3302 942 3366 duos
993 3309 1289 3386 patentes
1340 3303 1559 3368 exitus
1609 3301 1805 3368 unius
1855 3300 2187 3385 perticatae
2235 3322 2320 3366 ex
2369 3322 2502 3365 una
2547 3309 2751 3386 parte,
2780 3312 2852 3368 et

574 3387 767 3452 unius
796 3389 1127 3472 perticatas
1156 3411 1237 3454 ex
1268 3389 1468 3454 altera
1496 3396 1722 3473 parte3
1763 3394 1831 3453 et
1873 3388 1954 3452 de
1997 3387 2190 3452 domo
2228 3387 2492 3453 illorum
2535 3408 2684 3473 quae
2715 3399 2852 3454 stat

560 3474 759 3573 juxta
808 3477 1288 3560 Etresghilebec
1339 3477 1572 3542 stando
1622 3477 2098 3562 inperpetuum,
2157 3496 2241 3540 ex
2298 3475 2598 3540 orientali
2656 3486 2848 3560 parte

573 3561 861 3644 ejusdem
890 3563 1368 3648 Etresghilebee
1403 3563 1518 3629 ubi
1561 3541 1678 3627 illa
1721 3563 1897 3627 cadit
1944 3562 2017 3625 in
2067 3562 2360 3627 Teisam:
2404 3563 2848 3628 Donationem

692 3669 915 3732 ‚quas
937 3651 984 3716 J
986 3651 1272 3716 ohannes
1294 3651 1377 3716 de
1406 3650 1682 3715 Ballolio
1726 3700 1740 3715 .
1789 3649 2068 3713 ..fecit
2095 3649 2298 3715 Deo.
2403 3649 2532 3714 ‚de
2552 3650 2852 3734 quinque

566 3735 734 3798 acris
756 3743 1123 3815 te1·rae‚cum
1146 3738 1562 3822 pertinenciis
1583 3735 2147 3820 propinquioribus
2165 3735 2478 3802 clausurae
2493 3738 2852 3802 eorundem

570 3821 1043 3888 Monachorum
1121 3827 1319 3910 juxta
1388 3825 1755 3909 Ettresgile,
1835 3843 2060 3888 versus
2148 3823 2461 3887 orientem
2547 3824 2850 3906 ejusdem

564 3907 897 3988 clausurae,
926 3913 1302 3977 claudendis
1332 3913 1473 3997 sepi
1510 3918 1578 3976 et
1621 3912 1878 3987 fossat0,
1921 3918 1988 3975 et
2031 3909 2426 3975 aedificandis
2469 3917 2537 3974 et
2578 3912 2852 3978 utendis

570 3995 741 4060 sicut
770 3998 863 4062 eis
894 3998 1227 4082 placuerit,
1258 4007 1325 4064 et
1354 4000 1435 4064 de
1463 4004 1730 4084 pastura
1757 3997 1840 4061 ad
1869 4018 1987 4062 sex
2016 3997 2212 4062 boves
2256 4005 2324 4062 et
2366 3997 2852 4099 quinquaginta

567 4089 636 4146 et
666 4090 943 4167 quatuor
969 4107 1197 4152 vaccas
1241 4094 1308 4152 et
1340 4087 1501 4151 duos
1545 4094 1784 4162 tauros,
1812 4105 1964 4149 cum
1992 4091 2168 4148 secta
2195 4104 2315 4149 sua
2344 4085 2540 4148 unius
2562 4086 2744 4164 anni,
2771 4087 2850 4152 in

566 4172 897 4235 communi
948 4182 1211 4257 pastura
1250 4174 1331 4239 de
1371 4173 1786 4248 Middiltona,
1829 4192 2028 4256 prope
2075 4179 2141 4235 et
2178 4171 2422 4256 procul,
2465 4171 2850 4256 ubicunque

566 4307 579 4320 .
628 4307 641 4322 .
688 4308 705 4322 .
750 4279 956 4343 usque
1006 4262 1090 4325 ad
1148 4261 1532 4346 Ettresgile:
1606 4260 2044 4325 Donationem
2089 4308 2104 4322 .
2148 4278 2436 4342 ..quas
2501 4258 2844 4326 Walterus

564 4343 813 4410 Guer..
836 4347 1027 4412 .fecit
1046 4349 1189 4414 Deo
1207 4361 1273 4413 et
1291 4347 1626 4413 monachis
1643 4345 1968 4432 praedictis
1987 4345 2068 4410 de
2084 4351 2362 4429 quatuor
2378 4346 2632 4410 bovatis
2651 4353 2848 4413 terrae

559 4431 631 4494 in
656 4395 966 4511 Stitnum‚
994 4455 1141 4500 cum
1166 4436 1349 4501 toftis
1378 4442 1445 4500 et
1464 4434 1686 4500 croftis
1715 4440 1782 4499 et
1810 4453 1958 4497 cum
1990 4433 2289 4497 omnibus
2311 4433 2748 4516 pertinenciis,
2777 4443 2850 4500 et

560 4517 700 4602 [de]
731 4539 863 4584 una
890 4521 1047 4586 roda
1091 4530 1292 4600 terrae,
1336 4543 1485 4588 cum
1536 4519 1972 4606 pertinenciis,
2025 4539 2223 4603 quam
2269 4518 2446 4587 idem
2495 4519 2846 4587 walterus
