3075 5009
1165 496 1518 546 APPEnmx.
2372 486 2497 549 367

202 661 242 691 “
257 654 459 718 Nemo
486 653 757 716 militans
784 653 936 730 Deo,
969 663 1102 729 etc„
1135 652 1503 715 saeculariter
1544 654 1725 735 agit,”
1758 656 1838 717 ab
1865 654 2268 718 ecclesiastico
2293 656 2499 718 minis-

197 737 356 799 terio
385 737 494 797 fiat
521 735 756 797 alienus
799 755 910 815 pro
960 755 1033 797 eo
1081 734 1266 815 quod,
1299 734 1494 797 officio
1536 735 1799 798 clericali
1848 735 2059 798 relicto
2108 744 2173 799 et
2198 737 2496 818 neglecto,

196 818 486 880 fluctibus
539 816 745 879 saeculi
797 823 871 878 ut
930 816 1282 897 potentibus
1336 816 1573 896 placeat
1621 836 1685 879 se
1732 817 2059 897 immergit.
2143 818 2500 882 Districtius

197 906 409 963 autem
463 898 844 960 decernimus
898 898 1282 979 puniendum
1324 898 1377 959 si
1417 897 1865 978 Religiosorum
1914 898 2216 979 quispiam
2263 899 2500 981 aliquid

197 981 630 1064 praedictorum
657 1000 841 1042 ausus
868 978 1059 1042 fuerit
1085 984 1474 1058 attemptare.

282 1160 337 1219 9.
385 1170 548 1218 xvn.
615 1154 904 1217 Monachi
965 1174 1090 1216 non
1146 1155 1345 1234 pretio
1392 1153 1765 1234 recipiantur
1820 1154 1886 1215 in
1928 1155 2313 1231 monasteria,
2373 1176 2499 1218 non

195 1237 504 1318 peculium
532 1237 964 1317 permittantur
1003 1236 1268 1299 habere:
1309 1255 1437 1297 non
1477 1235 1705 1315 singuli
1745 1254 1857 1315 per
1896 1235 2073 1297 villas
2114 1245 2181 1298 et
2217 1236 2499 1320 op[p]ida

194 1340 306 1382 seu
335 1317 452 1402 [in]
483 1336 870 1398 quascunque
912 1315 1318 1397 parrochiales
1353 1324 1666 1397 ponantur
1708 1313 2001 1392 ecclesias,
2033 1317 2144 1379 sed
2183 1318 2250 1379 in
2277 1320 2399 1399 maj
2407 1320 2498 1380 ori

194 1407 505 1464 conventu
531 1419 671 1460 cum
712 1398 1019 1479 aliquibus
1059 1397 1354 1460 fratribus
1394 1406 1701 1473 maneant,
1731 1418 1843 1460 nec
1884 1397 1997 1459 soli
2030 1400 2192 1460 inter
2218 1399 2497 1463 homines

195 1481 515 1543 saeculares
569 1501 599 1541 s
641 1480 982 1541 iritualium
1041 1480 1313 1542 hostium
1355 1479 1703 1541 conflictum
1758 1480 2492 1560 expectent—Salomone

195 1563 440 1625 dicente
493 1566 530 1597 “
616 1572 645 1622 t
693 1560 823 1637 soli,
857 1562 1003 1641 quia
1049 1562 1103 1622 si
1150 1560 1435 1623 ceciderit
1479 1560 1630 1622 etc.”
1714 1561 1782 1623 Si
1824 1561 1959 1641 quis
1988 1568 2197 1624 autem
2240 1572 2491 1627 exactus

195 1664 310 1726 pro
380 1663 491 1705 sua
556 1642 978 1722 redemptione
1032 1642 1267 1721 aliquid
1333 1641 1590 1718 dederit,
1650 1641 1729 1704 ad
1791 1662 1989 1705 sacros
2059 1643 2302 1705 ordines
2372 1665 2497 1707 non

195 1724 504 1788 ascendat.
588 1724 651 1787 Is
679 1732 901 1796 autem,
933 1723 1039 1803 qui
1079 1743 1221 1785 eum
1261 1724 1574 1803 receperit,
1620 1724 1799 1785 officii
1840 1724 1934 1785 sui
1974 1724 2316 1804 privatione
2349 1725 2500 1787 mul-

195 1815 387 1869 tetur.
471 1805 591 1881 Qui
631 1825 780 1867 vero
821 1804 1126 1884 peculium
1166 1804 1466 1878 habuerit,
1497 1804 1618 1865 nisi
1666 1805 1743 1866 ab
1770 1804 2017 1868 Abbate
2056 1805 2245 1868 fuerit
2286 1807 2345 1869 ei
2384 1828 2497 1889 pro

197 1889 478 1968 injuncta
525 1886 1054 1949 administratione
1102 1886 1504 1961 commissum,
1559 1906 1597 1947 a
1640 1887 2062 1949 communione
2110 1896 2498 1951 removeatur

197 1968 448 2045 altaris3
489 1974 552 2030 et
592 1968 700 2049 qui
739 1968 806 2028 in
847 1967 1138 2029 extremis
1185 1987 1327 2029 cum
1366 1966 1607 2048 peculio
1647 1967 1937 2030 inventus
1977 1968 2181 2045 fuerit,
2212 1976 2278 2032 et
2312 1969 2498 2051 digne

197 2070 326 2113 non
369 2049 742 2129 poenituerit,
774 2069 899 2111 non
927 2048 1156 2111 oblatio
1195 2068 1309 2129 pro
1356 2069 1430 2111 eo
1477 2049 1605 2123 fiat,
1633 2069 1745 2111 nec
1785 2050 1949 2111 inter
1975 2050 2195 2113 fratres
2242 2052 2499 2133 recipiat

199 2130 620 2213 sepulturam3
663 2129 829 2210 quod
869 2130 1056 2192 etiam
1096 2129 1175 2192 de
1217 2130 1473 2192 diversis
1513 2129 1837 2211 Religiosis
1878 2132 2259 2212 praecipimus
2301 2134 2501 2197 obser·

195 2213 346 2275 vari.
413 2210 868 2290 Abbasautem,
893 2212 1001 2291 qui
1021 2210 1348 2292 diligenter
1369 2211 1490 2272 ista
1517 2232 1642 2273 non
1664 2212 1983 2288 curaverit,
2009 2214 2186 2275 officii
2208 2214 2304 2276 sui
2325 2215 2500 2277 foris-

195 2294 500 2356 facturam
527 2311 591 2354 se
619 2292 862 2355 noverit
888 2293 1292 2354 incursurum.
1355 2292 1673 2353 Prioratus
1694 2312 1937 2372 quoque
1960 2314 2068 2355 seu
2088 2295 2499 2373 obedientiae,1

197 2375 386 2457 pretii
413 2374 678 2449 datione,
723 2373 914 2435 nulli²
955 2373 1348 2450 tribuantur3
1390 2373 1663 2454 alioquin
1691 2382 1756 2435 et
1792 2374 2013 2436 dantes
2040 2384 2105 2437 et
2136 2377 2497 2457 recipientes

195 2478 238 2519 a
262 2455 602 2518 ministerio
628 2454 912 2517 Ecclesiae
951 2456 1105 2516 fiant
1145 2455 1346 2517 alieni.
1431 2454 1676 2516 Priores
1714 2461 1942 2531 autem,
1974 2476 2113 2517 cum
2149 2459 2216 2519 in
2244 2478 2500 2521 conven-

199 2538 471 2601 tualibus
500 2536 764 2599 ecclesiis
791 2536 1025 2598 fuerint
1052 2535 1388 2611 constituti,
1421 2535 1540 2597 nisi
1568 2556 1679 2616 pro
1706 2536 2031 2599 manifesta
2058 2544 2123 2599 et
2148 2539 2499 2602 rationabili

197 2640 382 2682 causa
401 2638 527 2680 non
546 2616 1158 2693 mittentur—videl„
1182 2617 1236 2678 si
1255 2616 1727 2697 dilapidationes
1748 2616 1997 2695 fuerint,
2018 2619 2070 2680 si
2090 2620 2156 2681 in
2173 2620 2501 2684 Conventu

197 2700 489 2776 vixerint,
538 2706 646 2762 aut
699 2698 822 2761 tale
877 2697 1112 2779 aliquid
1167 2698 1420 2780 egerint,
1479 2705 1589 2760 aut
1644 2699 1698 2760 si
1752 2698 1831 2761 de
1886 2701 2193 2762 communi
2246 2702 2499 2765 consilio

195 2782 465 2844 fratrum
489 2800 602 2862 pro
629 2780 877 2861 majoris
903 2779 1266 2842 necessitate
1297 2778 1473 2841 officii
1501 2778 1737 2842 fuerint
1761 2781 2190 2844 transferendi.

288 2960 381 3019 10.
428 2971 621 3018 XVIII.
669 2955 734 3039 [7
792 2954 952 3017 Oum
991 2955 1058 3016 in
1100 2953 1314 3017 eodem
1342 2973 1592 3035 corpore
1642 2955 1846 3017 omnia
1872 2954 2103 3018 debent
2130 2976 2209 3018 ex
2244 2958 2499 3023 caritate

195 3038 468 3113 tractari,
501 3046 567 3100 et
595 3057 716 3117 quo
787 3036 980 3117 gratis
1005 3044 1320 3117 receptum
1347 3043 1442 3097 est
1466 3036 1659 3117 gratis
1686 3036 1977 3117 impendi,
2002 3037 2292 3102 horribile
2318 3041 2501 3104 nimis

195 3127 297 3182 est
323 3119 488 3200 quod
515 3118 582 3181 in
610 3118 977 3199 quibusdam
1005 3116 1268 3180 ecclesiis
1295 3117 1595 3179 venalitas
1621 3117 1802 3199 per[h
1833 3118 2037 3181 ibetur
2054 3119 2256 3182 locum
2274 3120 2500 3187 habere

193 3204 293 3264 ita
337 3210 412 3262 ut
465 3220 576 3281 pro
632 3200 944 3282 episcopis,
995 3199 1098 3261 vel
1147 3198 1487 3274 abbatibus,
1538 3218 1648 3261 seu
1701 3200 1811 3278 qui
1852 3220 2167 3280 uscunque
2221 3206 2498 3283 personis

198 3282 620 3346 ecclesiasticis
675 3281 972 3361 ponendis
1025 3280 1093 3341 in
1147 3280 1310 3355 sede,
1357 3300 1465 3342 seu
1518 3279 1979 3343 introducendis
2032 3284 2387 3362 presbiteris
2432 3287 2499 3349 in

195 3364 532 3439 ecclesiam,
562 3382 798 3425 necnon
841 3382 952 3444 pro
994 3360 1326 3442 sepulturis
1368 3368 1432 3423 et
1473 3361 1748 3441 exequiis
1788 3370 2186 3441 mortuorum,
2218 3373 2284 3427 et
2322 3367 2499 3430 bene-

193 3444 573 3508 dictionibus
616 3444 1000 3519 nubentium,
1031 3462 1142 3505 seu
1181 3442 1316 3505 aliis
1358 3443 1749 3505 sacramentis
1798 3442 2234 3522 ecclesiasticis,
2264 3447 2499 3527 aliquid

191 3527 664 3607 requiratur‚·et
690 3545 816 3587 non
841 3526 1036 3606 possit
1074 3525 1197 3585 ista
1237 3524 1546 3605 percipere
1571 3524 1678 3587 ille
1703 3525 1811 3604 qui
1837 3524 1969 3587 indi
2011 3533 2075 3588 et
2102 3527 2223 3588 nisi
2248 3548 2499 3591 manum

191 3607 455 3689 implere
512 3606 818 3669 curaverit
869 3606 1190 3687 largitoris.
1298 3605 1535 3667 Putant
1588 3613 1795 3667 autem
1843 3626 1923 3669 ex
2025 3607 2073 3668 's
2122 3608 2325 3689 plures
2380 3612 2499 3673 sibi

189 3690 384 3753 licere
433 3689 577 3768 quia
624 3688 820 3769 legem
869 3688 1086 3749 mortis
1135 3686 1213 3748 de
1261 3687 1446 3767 longa
1492 3686 1819 3750 invaluisse
1862 3688 2301 3753 consuetudine
2342 3693 2500 3755 arbi-

191 3777 464 3847 trentur,
495 3790 619 3832 non
661 3770 825 3844 satis,
870 3770 1016 3850 quia
1063 3768 1397 3850 cupiditate
1441 3769 1681 3830 caecati⁸
1708 3775 1869 3846 sunt,
1900 3770 2289 3835 attendentes
2330 3774 2497 3853 quod

192 3860 378 3917 tanto
445 3851 730 3933 graviora
779 3858 924 3912 sunt
978 3850 1233 3912 crimina
1293 3857 1523 3931 quanto
1584 3849 1816 3912 diutius
1869 3850 2176 3915 infelicem
2231 3855 2496 3919 animam

189 3932 512 3997 tenuerint
537 3932 863 4014 alligatam.
931 3932 1029 3994 Ne
1056 3932 1248 4013 igitur
1273 3931 1388 3993 hoc
1415 3931 1492 3993 de
1521 3937 1740 3994 caetero
1765 3932 1892 4009 fiat,
1923 3935 2070 3995 nec⁴
2094 3933 2195 3997 vel
2223 3938 2496 4016 personis

193 4014 619 4079 ecclesiasticis
667 4012 1038 4077 deducendis
1079 4013 1158 4076 ad
1207 4013 1431 4089 sedem,
1475 4013 1577 4075 vel
1623 4013 2039 4076 sacerdotibus
2079 4015 2492 4097 instituendis,

193 4096 300 4159 vel
327 4094 688 4176 sepeliendis
715 4095 990 4172 mortuis,
1015 4114 1124 4157 seu
1150 4094 1338 4157 etiam
1363 4094 1793 4157 benedicendis
1817 4095 2207 4173 nubentibus,
2232 4118 2339 4161 seu
2361 4100 2498 4163 aliis

263 4251 284 4283 ¹
319 4250 388 4302 N
383 4266 468 4313 on,
480 4250 803 4311 redundant,
816 4250 864 4302 is
880 4248 1121 4302 inserted
1139 4250 1284 4300 here.
1401 4249 1542 4301 after
1566 4264 1610 4311 e,
1634 4247 1743 4300 and
1765 4264 1831 4301 ca
1850 4250 2070 4301 written
2090 4250 2276 4305 above.

262 4316 286 4351 ²
319 4318 562 4369 written
590 4316 756 4378 nulla,
779 4315 883 4368 but
915 4315 1011 4368 the
1033 4331 1072 4367 a
1093 4314 1288 4368 dotted
1467 4313 1490 4345 ⁴
1521 4312 1652 4365 This
1672 4314 1863 4367 stands
1878 4323 1925 4367 et
1947 4315 2006 4367 in
2022 4316 2363 4385 Chartulary.
2436 4320 2496 4374 It

193 4382 392 4445 under,
420 4381 530 4433 and
551 4380 574 4431 ἰ
595 4381 815 4433 written
837 4381 1021 4433 above.
1402 4379 1585 4432 would
1606 4384 1858 4432 construe
1887 4382 2171 4448 certainly,
2196 4382 2244 4434 if
2275 4384 2379 4437 left
2410 4402 2487 4440 so.

262 4448 285 4481 ³
323 4448 568 4499 Written
605 4446 709 4499 ceci
751 4462 812 4498 or
850 4449 962 4509 ceti,
1003 4445 1113 4497 and
1158 4445 1291 4497 then
1404 4443 1516 4496 But
1531 4444 1629 4497 the
1642 4445 1983 4498 emendation
2000 4447 2059 4499 in
2074 4448 2171 4499 the
2186 4452 2493 4505 textseems

193 4512 475 4567 corrected
516 4512 594 4579 by
637 4528 670 4563 a
713 4512 869 4564 mark
913 4512 1074 4564 made
1115 4510 1292 4563 below
1405 4509 1725 4577 preferable.
