3075 5009
604 489 731 549 400
1256 502 1731 551 GARTULARIUM
1762 500 2227 551 RIEVALLENSE.

602 655 924 719 duodecim
951 678 1118 718 acras
1145 660 1308 737 prati
1335 678 1472 719 cum
1507 658 1895 737 pertinenciis
1924 659 1989 720 in
2030 658 2243 721 eadem
2269 661 2645 738 villa—-sciL,
2677 662 2889 725 decem

601 759 768 801 aeras
796 748 860 801 et
885 738 1201 800 dimidiam
1235 740 1396 801 inter
1421 741 1728 801 Tervinne
1756 749 1819 801 et
1850 740 2246 821 Hunteresty,
2278 752 2341 803 et
2368 764 2553 805 unam
2580 764 2785 805 acram
2826 754 2891 805 et

603 820 916 882 dimidiam
954 820 1117 882 inter
1157 831 1349 882 metas
1391 820 1583 904 lapid[
1610 868 1625 885 .
1659 867 1674 883 .
1709 866 1726 881 .
1756 820 1780 905 ]
1810 829 1875 882 et
1901 821 2242 885 Tervinne:
2284 823 2379 885 De
2407 823 2570 885 dono
2590 825 2887 887 willelmi

602 901 873 963 Britonis
899 909 1026 962 tres
1053 902 1304 963 bovatas
1332 912 1508 965 terroe
1536 904 1600 964 in
1630 904 1937 964 territorio
1962 903 2041 965 de
2062 904 2459 967 Crancemore
2484 926 2638 986 quas
2666 905 2891 968 Nicho-

599 982 734 1046 laus
759 983 837 1044 de
865 982 1167 1045 Stutevile
1195 984 1250 1045 ei
1279 983 1453 1045 dedit
1479 1004 1590 1063 pro
1618 984 1898 1065 homagio
1928 993 1993 1045 et
2020 986 2273 1047 servicio
2302 1007 2429 1063 su0,
2462 1008 2599 1048 cum
2627 987 2792 1049 tofto
2824 996 2890 1051 et

599 1065 796 1126 crofto
823 1074 888 1126 et
913 1084 1052 1125 cum
1079 1065 1362 1126 omnibus
1387 1066 1800 1144 pertinenciis,
1830 1066 2213 1127 libertatibus
2234 1076 2298 1128 et
2324 1068 2697 1130 aisiamentis
2722 1072 2885 1131 suis:

601 1144 696 1206 De
722 1146 888 1207 dono
925 1144 1198 1224 ejusdem
1231 1146 1518 1208 Willelmi
1561 1155 1751 1208 totam
1783 1148 2097 1227 piscariam
2138 1146 2216 1209 de
2244 1148 2673 1229 Thormodeby
2698 1170 2889 1231 quam

601 1228 752 1289 emit
798 1228 877 1289 de
927 1227 1192 1289 Henrieo
1248 1228 1603 1291 Falconario
1657 1248 1794 1308 quae
1844 1229 2195 1289 nominatur
2240 1229 2686 1308 Hyarlesholm
2746 1252 2887 1293 cum

601 1308 882 1370 omnibus
909 1308 1299 1387 pertinenciis
1326 1319 1393 1370 et
1415 1310 1804 1371 libertatibus
1832 1310 1975 1385 suis,
2004 1321 2070 1370 et
2096 1312 2258 1371 viam
2284 1312 2470 1373 eundi
2497 1320 2563 1373 et
2589 1313 2887 1375 redeundi

601 1389 680 1452 ad
721 1390 904 1464 illam,
936 1400 1002 1451 et
1041 1397 1234 1451 totam
1276 1392 1472 1470 ripam
1513 1411 1684 1470 aquae
1726 1391 1803 1451 ad
1832 1391 2018 1451 situm
2060 1392 2334 1470 ejusdem
2364 1394 2633 1471 piscariae
2674 1416 2711 1455 a
2750 1395 2889 1456 rivo

599 1472 678 1533 de
707 1471 1009 1532 Hikedale
1037 1470 1116 1533 ad
1157 1470 1605 1551 longitudinem
1646 1472 1919 1551 ejusdem
1963 1472 2233 1548 culturae,
2266 1482 2329 1534 et
2356 1494 2565 1535 omnes
2592 1476 2743 1536 alias
2773 1477 2890 1556 pis·

599 1554 788 1613 carias
817 1561 880 1612 et
907 1552 1270 1632 piscationes
1297 1554 1673 1631 pertinentes
1712 1553 1791 1613 ad
1820 1562 2047 1614 terram
2072 1554 2261 1634 ipsius
2284 1554 2575 1617 Willelmi
2603 1558 2669 1617 in
2696 1557 2891 1618 Thor-

597 1633 880 1711 modeby,
923 1654 1060 1694 cum
1104 1635 1386 1695 omnibus
1432 1634 1817 1696 libertatibus
1860 1643 1925 1696 et
1964 1634 2336 1697 aisiamentis
2382 1636 2565 1698 dictis
2614 1638 2893 1717 piscariis

597 1722 662 1777 et
707 1714 1137 1794 piscationibus
1179 1716 1642 1794 pertinentibus,
1694 1724 1776 1786 et,
1820 1724 2128 1794 pmterea,
2176 1716 2433 1796 capitale
2474 1720 2891 1799 messuagium

598 1796 620 1857 i
663 1798 786 1857 sius
817 1794 1127 1863 Willelmi.
1156 1806 1410 1877 excepto
1451 1797 1647 1858 crofto
1688 1796 2003 1874 adjacente
2042 1818 2250 1858 versus
2290 1819 2510 1877 aquam
2552 1808 2617 1861 et
2652 1800 2889 1862 molen·

597 1816 743 1937 diuo
785 1896 896 1937 suo
939 1874 1069 1959 [de]
1110 1876 1504 1952 Ohewaleres,
1558 1886 1622 1939 et
1668 1897 1859 1938 unum
1906 1878 2197 1940 selionem
2244 1878 2323 1941 de
2369 1880 2567 1941 crofto
2607 1881 2893 1961 ejusdem

605 1957 888 2019 Willelmi
929 1958 1420 2037 propinquiorem
1462 1960 1692 2020 fossato
1732 1957 1896 2038 quod
1942 1968 2037 2020 est
2075 1960 2238 2021 inter
2276 1962 2477 2040 ipsum
2504 1962 2893 2025 Willelmum

597 2048 661 2101 et
682 2039 991 2101 Simonem
1040 2038 1118 2099 de
1159 2038 1324 2115 Wer,
1371 2060 1508 2101 cum
1552 2041 1655 2101 via
1692 2040 1769 2101 de
1813 2041 2096 2102 domibus
2136 2043 2409 2121 ipsorum
2449 2044 2893 2106 monachorum

596 2141 790 2200 usque
829 2120 910 2181 ad
939 2140 1172 2199 aquam,
1205 2130 1271 2181 et
1297 2141 1483 2183 unam
1511 2122 1795 2182 bovatam
1826 2129 2003 2183 terrae
2030 2122 2095 2182 in
2124 2122 2336 2184 eadem
2364 2124 2522 2199 villa,
2556 2145 2696 2185 cum
2724 2127 2893 2188 tofto

597 2209 662 2263 et
709 2202 844 2263 aliis
893 2202 1298 2281 pertinenciis,
1349 2222 1532 2281 quam
1582 2202 1913 2264 Gaufridus
1960 2202 2319 2283 Pelliperius
2368 2206 2569 2266 tenuit
2623 2205 2703 2269 de
2751 2208 2891 2288 ipso

599 2283 923 2358 Willelm0‚
955 2292 1019 2345 et
1061 2284 1124 2344 in
1167 2284 1446 2345 orientali
1489 2304 1701 2363 eampo
1745 2283 2021 2362 ejusdem
2047 2284 2209 2346 vinae
2250 2285 2569 2347 duodecim
2606 2308 2781 2349 acras
2824 2299 2891 2350 et

596 2384 780 2426 unam
821 2364 1032 2425 rodam
1074 2374 1253 2427 terrae
1293 2365 1555 2439 arabilis,
1598 2385 1737 2425 cum
1778 2367 2059 2426 omnibus
2110 2367 2498 2445 pertinenciis
2548 2370 2677 2429 suis
2723 2370 2889 2431 infra

596 2447 806 2508 villam
834 2454 899 2506 et
925 2454 1116 2521 extra,
1149 2456 1213 2507 et
1253 2466 1436 2507 unam
1470 2467 1669 2508 acram
1700 2447 1860 2526 prati
1902 2456 1968 2508 et
1994 2447 2309 2509 dimidiam
2352 2459 2415 2509 et
2442 2470 2626 2510 unam
2670 2451 2885 2513 rodam

597 2547 676 2590 ex
725 2528 935 2589 eadem
974 2536 1150 2607 parte
1191 2529 1404 2607 campi,
1455 2536 1522 2589 et
1563 2528 1790 2589 toftum
1832 2548 2013 2607 quem
2054 2529 2291 2590 Alanus
2331 2530 2532 2609 Tuscy
2572 2532 2887 2609 quondam

598 2610 800 2671 tenuit
825 2610 888 2669 in
920 2609 1132 2670 eadem
1153 2608 1315 2681 villa,
1348 2618 1412 2669 et
1437 2609 1500 2669 in
1531 2608 1889 2670 occidentali
1916 2630 2129 2689 campo
2156 2610 2430 2689 ejusdem
2456 2612 2621 2673 villae
2648 2624 2884 2694 septem

598 2710 762 2751 acras
791 2699 855 2751 et
881 2710 1064 2751 unam
1107 2690 1319 2752 rodam
1347 2698 1525 2751 terrae
1567 2691 1827 2763 arabiliS‚
1858 2710 1995 2751 cum
2024 2692 2302 2753 omnibus
2332 2694 2723 2772 pertinenciis
2760 2696 2885 2757 suis

599 2772 760 2833 inira
798 2771 1007 2832 villam
1049 2780 1114 2832 et
1152 2784 1345 2846 extra,
1392 2780 1456 2833 et
1497 2792 1575 2833 ex
1618 2772 1829 2833 eadem
1870 2781 2045 2851 parte
2086 2774 2283 2851 campi
2324 2774 2641 2836 dimidiam
2684 2797 2883 2839 acram

597 2854 756 2949 prati
801 2860 865 2913 et
901 2852 1128 2913 toftum
1155 2873 1338 2933 quam
1369 2853 1673 2915 Robertus
1714 2852 1791 2915 de
1816 2852 1861 2913 J
1864 2874 2035 2914 arum
2062 2856 2263 2915 tenuit
2302 2854 2381 2915 de
2410 2856 2542 2933 ipso
2570 2856 2884 2920 Willelmo

598 2954 664 2995 in
690 2934 903 2995 eadem
932 2934 1080 2995 villa
1104 2958 1116 2995 :
1159 2934 1254 2996 De
1283 2935 1444 2996 dono
1471 2934 1753 2996 Nicholai
1782 2934 2053 2996 Britonis
2088 2935 2255 2995 illam
2286 2936 2569 2997 bovatam
2610 2946 2795 3000 terrae
2820 2940 2885 3000 in

597 3016 1046 3094 Thormodeby,
1074 3036 1212 3076 cum
1253 3016 1412 3077 tofto
1455 3024 1519 3075 et
1560 3017 1755 3077 crofto
1806 3014 1918 3098 [et]
1962 3036 2099 3077 cum
2146 3017 2429 3079 omnibus
2474 3020 2879 3097 pertinenciis

595 3097 978 3158 libertatibus
1005 3104 1069 3157 et
1096 3096 1467 3157 aisiamentis
1494 3096 1691 3158 eidem
1720 3106 1897 3157 terrae
1925 3098 2387 3176 pertinentibus,
2406 3099 2567 3159 infra
2584 3101 2801 3163 villam
2822 3112 2883 3163 et

597 3190 788 3251 extra,
820 3198 1004 3257 quam
1033 3177 1390 3251 willelmus,
1424 3187 1599 3257 pater
1638 3178 1825 3257 ipsius
1868 3177 2165 3253 Nicholai‚
2240 3181 2417 3259 emit]
2458 3180 2537 3241 de
2570 3180 2881 3244 Willelmo

597 3258 1048 3320 Maleshoveres
1075 3268 1140 3321 et
1166 3259 1366 3335 Iteria,
1398 3278 1588 3320 uxore
1618 3260 1767 3339 ejus,
1798 3267 1862 3319 et
1889 3260 2089 3321 tenuit
2117 3259 2194 3321 de
2275 3260 2432 3322 riore
2460 3271 2526 3322 et
2552 3262 2879 3326 conventu

595 3340 672 3403 de
701 3340 1100 3420 Gyseburghe
1127 3365 1140 3403 :
1182 3340 1276 3402 De
1304 3341 1467 3402 dono
1483 3340 1741 3401 Walteri
1768 3340 1845 3401 de
1874 3341 2213 3418 Steynesby
2242 3342 2394 3402 duas
2421 3343 2679 3406 bovatas
2706 3354 2879 3407 terrae

595 3423 660 3483 in
701 3421 1006 3482 territorio
1048 3422 1125 3482 de
1153 3421 1598 3500 Thormodeby,
1630 3442 1779 3501 quas
1808 3421 2117 3483 Walterus
2144 3422 2505 3502 Pelliparius
2548 3426 2625 3487 de
2669 3428 2875 3489 eadem

593 3504 741 3564 villa
787 3502 1094 3582 quondam
1141 3502 1219 3564 de
1273 3512 1445 3583 patre
1501 3504 1691 3582 ipsius
1736 3502 1992 3565 Walteri
2047 3512 2112 3565 et
2163 3505 2557 3584 postmodum
2613 3506 2695 3569 de
2750 3510 2877 3588 ipso

595 3585 873 3647 Waltero
915 3585 1129 3659 tenuit,
1161 3604 1300 3646 cum
1343 3584 1502 3645 tofto
1544 3592 1608 3645 et
1642 3583 1853 3659 croft0,
1886 3593 1950 3646 et
1990 3604 2129 3646 cum
2168 3587 2451 3648 omnibus
2478 3588 2613 3648 aliis
2658 3591 2879 3668 pertin·

595 3668 798 3741 enciis,
842 3666 1225 3728 libertatibus
1266 3674 1330 3727 et
1370 3666 1741 3727 aisiamentis
1782 3666 1907 3727 suis
1954 3665 2149 3727 eidem
2190 3676 2370 3727 terrae
2410 3670 2877 3747 pertinentibus,

593 3748 756 3809 infra
796 3747 1004 3807 villam
1045 3755 1111 3808 et
1158 3757 1350 3820 extra,
1400 3748 1561 3807 sicut
1606 3756 1787 3809 cartae
1834 3746 2259 3826 praedictorum
2317 3748 2685 3813 donatorum
2730 3772 2879 3833 quas

594 3828 868 3909 praedicti
897 3828 1184 3889 Monachi
1209 3828 1352 3889 inde
1379 3827 1610 3889 habent
1633 3829 2077 3890 rationabiliter
2104 3838 2443 3891 testantur:
2486 3832 2689 3905 Quare
2716 3834 2879 3895 volu-

591 3930 727 3972 mus
769 3918 833 3971 et
872 3909 1127 3970 firmiter
1168 3910 1565 3989 praecipimus,
1596 3929 1706 3988 pro
1750 3910 1924 3971 nobis
1961 3918 2026 3971 et
2066 3910 2405 3973 haeredibus
2440 3915 2686 3989 nostris,
2718 3914 2879 3995 quod

593 3990 868 4072 praedicti
909 3990 1196 4053 Monachi
1224 3999 1289 4051 et
1329 4010 1538 4052 eorum
1580 4010 1947 4053 successores
1988 3990 2251 4053 habeant
2292 4001 2355 4053 et
2392 4002 2645 4055 teneant
2672 4016 2879 4058 omnes

592 4085 785 4136 terras
814 4080 878 4133 et
905 4079 1252 4133 tenementa
1292 4071 1580 4150 praedicta
1619 4071 1807 4133 libere
1848 4082 1913 4133 et
1950 4074 2172 4151 quiete,
2206 4084 2317 4134 etc.
2404 4074 2544 4136 Hiis
2572 4076 2643 4137 T.
2692 4078 2881 4139 Hum-

591 4154 753 4217 frido
769 4152 846 4215 de
863 4152 1102 4229 Bohun‚
1113 4152 1352 4215 Comite
1371 4152 1747 4214 Herefordiae
1765 4160 1829 4213 et
1842 4153 2109 4215 Essexiae
2118 4177 2135 4229 ;
2156 4153 2463 4217 Willelmo
2483 4156 2559 4218 de
2568 4156 2876 4233 Walence,

593 4246 657 4300 et
673 4235 974 4298 Gaufrido
991 4234 1069 4295 de
1089 4234 1372 4309 Leziuan,
1385 4234 1675 4296 iratribus
1690 4235 1944 4310 nostris;
1973 4233 2015 4294 J
2016 4236 2257 4297 ohanne
2279 4236 2532 4313 Mansel‚
2545 4237 2881 4321 Praeposito

591 4317 930 4392 Beverlaci3
957 4317 1253 4395 Magistro
1261 4314 1623 4399 W[illelmo]
1646 4315 1723 4377 de
1740 4315 2077 4395 Kylkenni,
2089 4317 2534 4381 Archidiacono
2551 4318 2841 4383 Coventr.
2864 4344 2881 4397 ;

591 4399 868 4462 Gilberto
912 4398 988 4459 de
1031 4398 1293 4477 Segrave
1311 4420 1328 4472 ;
1371 4396 1432 4458 N
1435 4396 1668 4458 icholao
1706 4397 1782 4457 de
1824 4397 2046 4473 Turri3
2084 4398 2354 4461 Roberto
2396 4399 2477 4460 de
2516 4400 2878 4485 Mucegros;

592 4481 859 4543 Roberto
889 4478 1218 4542 Walerand
1230 4502 1249 4556 3
1291 4478 1590 4541 Nicholao
1618 4478 1693 4539 de
1722 4478 1783 4539 S.
1816 4478 2036 4541 Mauro
2058 4502 2077 4556 3
2118 4480 2566 4545 Bartholomaeo
2608 4483 2876 4557 Pecch03
