3075 5009
946 518 1423 568 cuwmmn
1450 519 1916 569 navamus&
2449 511 2478 571 1
2491 511 2573 572 63

288 697 574 744 suorum.
632 677 723 744 Et
736 677 915 742 idem
936 677 1159 742 Abbas
1179 682 1249 741 et
1264 696 1660 742 successores
1681 677 1786 742 sui
1806 677 2141 744 habebunt
2162 697 2572 766 communem

290 765 583 850 herbagii
615 773 684 831 et
724 784 1017 850 pessonae
1058 763 1131 828 in
1174 763 1479 829 omnibus
1521 763 1848 848 praedictis
1877 765 2088 832 boscis
2117 771 2186 831 et
2211 765 2460 832 tenuris
2489 767 2572 834 de

290 852 669 918 Hanmelak
698 861 765 917 et
807 850 1131 927 Pokeleia,
1160 850 1448 936 exceptis
1489 851 1820 936 praedictis
1863 851 2074 918 boscis
2103 852 2186 918 de
2226 852 2572 920 Plocwude

290 946 363 1006 et
408 940 663 1005 duobus
712 939 943 1024 parcis,
970 946 1049 1003 ut
1097 937 1483 1022 praedictum
1534 947 1651 1014 est,
1697 938 1813 1003 ubi
1857 939 2111 1004 nullam
2161 960 2572 1006 communem

286 1026 531 1094 habere
560 1027 817 1104 debent,
844 1025 929 1090 ad
972 1024 1345 1090 omnimoda
1384 1025 1693 1090 animalia
1736 1031 1804 1090 et
1843 1045 2077 1111 pecora
2118 1047 2254 1105 sua,
2281 1028 2573 1113 exceptis

290 1114 524 1198 capris,
566 1135 717 1179 cum
766 1112 971 1177 libero
1019 1111 1293 1176 introitu
1343 1118 1411 1177 et
1452 1113 1640 1178 exitu
1681 1113 2038 1190 hominum,
2082 1114 2463 1179 animalium
2507 1122 2576 1180 et

289 1221 600 1285 pecorum
650 1220 931 1278 suorum,
960 1204 1029 1264 et
1079 1198 1161 1263 ad
1213 1199 1594 1266 cariandum
1646 1199 1821 1283 quod
1864 1202 2220 1266 necessarie
2271 1200 2572 1279 habeant,

288 1288 435 1352 sine
494 1288 714 1372 aliquo
772 1286 1253 1370 impedimento·
1374 1285 1620 1351 Omnes
1669 1293 1889 1352 autem
1955 1288 2281 1372 praedictae
2337 1309 2572 1354 novem

290 1381 611 1440 carucatae
640 1383 845 1451 terrae,
874 1395 1027 1438 cum
1069 1373 1371 1437 omnibus
1416 1373 1626 1438 boscis
1655 1373 1808 1451 suis,
1838 1381 1907 1438 et
1948 1375 2332 1458 praedictum
2367 1369 2574 1441 'assar-

288 1468 457 1539 tum,
507 1482 659 1527 cum
703 1460 1145 1546 pertinenciis,
1172 1460 1509 1526 habebunt
1557 1467 1624 1524 et
1668 1460 1990 1526 tenebunt
2036 1462 2212 1527 idem
2256 1462 2478 1528 Abbas
2507 1470 2574 1528 et

290 1569 693 1614 successores
714 1547 837 1625 sui,
856 1554 926 1612 et
946 1546 1239 1612 Ecclesia
1259 1547 1321 1612 S.
1344 1547 1578 1612 Mariae
1598 1547 1681 1612 de
1698 1547 2008 1625 Rievalle,
2026 1549 2148 1614 sub
2169 1569 2290 1614 sua
2316 1551 2574 1633 propria

290 1635 591 1700 custodia
617 1636 690 1699 in
719 1634 1038 1711 omnibus,
1067 1634 1239 1699 sicut
1266 1634 1651 1718 praedictum
1681 1642 1798 1712 est,
1826 1634 1898 1698 in
1925 1634 2216 1713 liberam,
2244 1656 2478 1721 puram
2507 1644 2575 1702 et

286 1729 669 1807 perpetuam
713 1721 1149 1799 elemosinam,
1176 1721 1466 1806 quietam
1516 1721 1601 1786 ab
1651 1721 1831 1785 omni
1881 1723 2173 1787 saeculari
2210 1723 2478 1788 servitio
2508 1732 2576 1788 et

290 1810 629 1875 exactione
659 1809 731 1874 in
766 1816 1169 1893 perpetuum.
1260 1809 1347 1872 Et
1390 1808 1568 1873 idem
1611 1807 1986 1874 Willelmus
2032 1815 2099 1874 et
2139 1810 2426 1875 haeredes
2470 1812 2574 1875 sui

289 1897 810 1962 warantizabunt
872 1945 889 1960 .
956 1943 971 1960 .
1041 1943 1057 1960 .
1124 1895 1213 1959 Et
1269 1915 1387 1979 pro
1444 1895 1570 1960 hac
1627 1897 2086 1982 recognitione,
2143 1898 2574 1975 concessione,

290 1984 624 2060 warentia,
653 1983 785 2048 fine
812 1987 880 2047 et
930 1981 1271 2047 concordia
1319 1982 1495 2047 idem
1540 1982 1768 2048 Abbas
1813 1981 1997 2048 dedit
2042 1984 2349 2069 praedicto
2405 1985 2574 2049 Wil-

286 2071 490 2136 lelmo
518 2071 663 2136 cest·
691 2089 940 2135 marcas
968 2068 1235 2154 argenti.
1326 2067 1545 2170 [14:6¹²]
1579 2069 1828 2148 Postea,
1857 2091 2072 2135 coram
2092 2071 2378 2136 Domino
2399 2071 2574 2157 Rege

290 2164 361 2223 et
388 2159 531 2242 ejus
558 2157 849 2233 concilio,
878 2157 1052 2242 apud
1080 2156 1375 2234 Westm„
1403 2176 1442 2221 a
1473 2156 1579 2221 die
1623 2157 1888 2221 Paschae
1915 2159 1988 2221 in
2017 2158 2390 2243 quindecim
2419 2158 2576 2236 dies,

293 2246 453 2330 quia
497 2244 847 2330 praedictus
894 2244 1121 2308 Abbas
1168 2243 1339 2307 dixit
1390 2243 1585 2328 quod,
1613 2265 1653 2308 a
1697 2244 2080 2310 fundatione
2126 2245 2380 2310 Domus
2423 2265 2574 2323 suae,

290 2333 435 2417 ipse
466 2339 534 2396 et
584 2351 807 2396 omnes
857 2331 1353 2416 praedecessores
1402 2330 1509 2395 sui
1555 2337 1708 2395 ante
1761 2332 2230 2396 coniectionem
2281 2332 2576 2416 praedicti

292 2420 463 2497 finis,
494 2425 561 2484 et
590 2438 845 2503 semper
871 2425 1097 2501 postea
1124 2437 1331 2501 usque
1358 2437 1535 2482 nunc
1581 2418 1840 2483 fuerant
1868 2418 1939 2482 in
1970 2418 2208 2482 seisina
2237 2417 2575 2483 scindendi

289 2507 629 2572 husasium
648 2505 672 2546 ²
706 2507 777 2570 in
806 2505 1040 2589 hyeme
1070 2504 1152 2569 ad
1180 2503 1379 2569 boves
1408 2511 1475 2568 et
1494 2524 1725 2569 vaccas
1754 2512 1822 2569 et
1852 2525 2002 2570 oves
2030 2525 2198 2581 suas,
2228 2504 2576 2590 colligendi

288 2613 511 2670 nuces,
540 2591 958 2658 comburendi
987 2591 1307 2656 brueriam
1327 2589 1355 2629 ²
1382 2591 1453 2654 in
1481 2596 1747 2675 pastura
1775 2590 1945 2655 infra
1971 2592 2310 2675 praedictos
2332 2591 2572 2671 boscos,

294 2689 364 2748 et
391 2680 673 2746 faciendi
702 2680 1009 2744 carbones
1038 2678 1120 2743 ad
1150 2698 1308 2742 usus
1340 2697 1490 2742 suos
1518 2679 1826 2761 proprios,
1860 2683 1928 2743 et
1956 2677 2036 2743 de
2079 2678 2204 2743 hoc
2233 2677 2475 2763 optulit
2503 2699 2572 2744 se

292 2788 491 2853 super
517 2768 814 2852 patriam,
857 2771 923 2831 et
964 2765 1312 2850 praedictus
1354 2764 1729 2830 Willelmus
1772 2765 1988 2830 noluit
2029 2785 2264 2850 ponere
2307 2786 2377 2830 se
2418 2766 2574 2831 inde

290 2876 493 2940 super
533 2854 829 2939 patriam,
866 2873 989 2918 nec
1030 2852 1205 2917 idem
1243 2851 1467 2916 Abbas
1510 2873 1628 2936 per
1669 2852 2053 2937 praedictum
2081 2854 2278 2917 finem
2321 2853 2404 2918 de
2445 2853 2576 2918 hiis

291 2941 612 3008 habendis
659 2940 1023 3016 exauditur,
1070 2938 1547 3004 consideratum
1593 2947 1694 3004 est
1737 2940 1912 3024 quod
1955 2939 2305 3024 praedictus
2347 2939 2572 3006 Abbas

292 3030 505 3114 possit
529 3028 823 3094 scindere
843 3027 1179 3091 husasium
1222 3025 1296 3090 in
1340 3025 1574 3110 hyeme
1617 3025 1700 3090 ad
1745 3026 1942 3091 boves
1971 3035 2040 3092 et
2067 3047 2294 3092 vaccas
2323 3035 2391 3093 et
2420 3047 2572 3093 oves

292 3137 465 3194 suas,
510 3135 709 3180 nuces
768 3114 1082 3198 colligere,
1139 3113 1463 3178 brueriam
1520 3113 1894 3178 comburere
1951 3113 2024 3177 in
2081 3121 2347 3198 pastura
2403 3114 2574 3179 infra

290 3203 639 3288 praedictos
666 3201 909 3278 boscos,
950 3200 1258 3265 carbones
1302 3201 1511 3264 facere
1555 3199 1628 3263 in
1669 3199 1994 3284 praedictis
2037 3199 2246 3266 boscis
2289 3201 2372 3265 ad
2415 3222 2573 3267 usus

294 3310 449 3355 suos
477 3290 787 3374 proprios,
829 3289 925 3352 ita
967 3285 1141 3373 quod
1185 3307 1319 3351 non
1362 3286 1569 3370 possit
1609 3295 2012 3371 prosternere
2054 3287 2274 3372 plures
2317 3288 2573 3353 arbores

294 3377 371 3442 in
413 3397 547 3442 una
589 3375 802 3461 placia
844 3377 985 3440 sine
1026 3373 1221 3439 modo
1235 3371 1265 3412 ⁸
1306 3393 1421 3458 per
1464 3372 1722 3438 diversa
1763 3375 1945 3454 loca3
1988 3381 2055 3438 et
2098 3374 2469 3440 Willelmus
2503 3376 2574 3439 in

292 3463 747 3529 misericordia.

382 3637 627 3704 CCXV
628 3637 757 3701 III.
822 3633 1010 3723 [147]
1058 3649 1326 3699 cnxxm.
1371 3634 1763 3710 Turstinus,⁴
1806 3634 1886 3699 D.
1935 3633 2047 3700 Gr.
2099 3635 2286 3700 Ebor.
2346 3635 2572 3700 Archi·
2597 3641 2916 3692 confirmation

290 3725 655 3810 episcopus,
684 3723 921 3788 dilecto
964 3724 1036 3786 in
1080 3721 1340 3787 Christo
1368 3721 1522 3802 filio,
1556 3721 1845 3786 waltero
1873 3721 2099 3805 Espec‚
2141 3730 2209 3787 et
2250 3723 2572 3788 universis
2596 3701 2812 3804 31:⁴33*

288 3812 703 3898 parochianis
733 3811 886 3887 suis,
929 3860 944 3875 .
990 3859 1005 3874 .
1051 3859 1065 3874 .
1113 3809 1346 3873 Divini
1374 3807 1594 3873 studio
1623 3807 1840 3873 cultus
1863 3816 1930 3872 et
1953 3809 2254 3874 fraternae
2282 3811 2570 3876 caritatis
2594 3803 2818 3894 232?
2833 3801 2887 3844 ⁰¹

290 3901 530 3965 affectu
558 3897 923 3984 promoveri
950 3897 1227 3981 quisque
1254 3895 1447 3961 debet
1474 3895 1814 3979 episcopus
1853 3895 2264 3960 ecclesiarum
2294 3904 2362 3962 et
2388 3918 2569 3961 mon·
2596 3903 2793 3995 ‘⁴⁹⁰5ss

290 3987 676 4054 aster-iorum
706 4005 853 4071 quae
879 3985 952 4049 in
998 3983 1260 4068 dyocesi
1302 4003 1421 4048 sua
1464 3987 1622 4046 sunt
1665 4002 1887 4047 curam
1928 4003 2162 4067 gerere,
2192 3990 2259 4048 et
2303 4004 2448 4069 quse
2477 3985 2570 4050 eis
2633 4005 2890 4048 cunamen.

290 4074 378 4140 ad
407 4073 950 4140 sustentationem
976 4089 1305 4136 servorum
1348 4069 1478 4134 Dei
1520 4069 1604 4134 de
1631 4069 1982 4134 elemosina
2019 4069 2310 4135 fidelium
2339 4071 2574 4136 collata

356 4207 379 4242 ¹
412 4207 479 4259 H
608 4209 713 4259 'um
754 4222 816 4258 or
870 4205 1175 4257 Hmsz'um.
1280 4203 1381 4256 See
1493 4201 1650 4269 ously
1694 4205 1731 4231 ‘⁴
1746 4207 1844 4255 out
1878 4203 1935 4254 of
1977 4205 2270 4267 measure,”
2313 4222 2374 4258 or
2429 4207 2572 4258 “im-

288 4279 451 4328 notss
471 4279 531 4325 to
598 4289 650 4325 o.
676 4285 806 4324 vm.
1492 4267 1883 4333 moderately,'’
1915 4269 2022 4320 and
2066 4270 2162 4321 the
2195 4271 2380 4322 readin
2451 4287 2572 4339 sng-

357 4342 381 4375 ¹
412 4339 741 4392 Bruberiam.
1492 4333 1682 4400 gested
1703 4333 1938 4400 supplies
1959 4335 2098 4398 that,
2123 4335 2230 4386 and
2245 4351 2370 4403 may
2479 4337 2576 4388 the

356 4409 381 4444 ³
414 4404 546 4456 Thia
568 4405 615 4456 in
646 4407 745 4455 not
776 4401 985 4470 plainly
1016 4399 1252 4451 written.
1323 4398 1382 4450 It
1492 4397 1715 4466 reading
1737 4398 2010 4452 intended.

288 4471 446 4524 looks
498 4469 611 4522 like
650 4471 809 4521 ὅπως).
894 4466 953 4518 It
994 4466 1067 4517 mi
1104 4465 1169 4516 ht
1211 4464 1279 4516 be
1332 4470 1381 4514 et
1559 4463 1584 4496 ⁴
1612 4463 1900 4526 Thur-stam,
1943 4466 2107 4518 1117·
2139 4465 2574 4534 οοηωοηωᾱὶιγ

287 4554 393 4590 m.
480 4535 597 4587 'rho
638 4550 791 4586 neme
840 4549 937 4600 req
976 4531 989 4544 ·
1132 4531 1181 4582 in
1233 4529 1379 4582 obvi-
1494 4529 1591 4581 the
1611 4529 1828 4598 Popein
1853 4507 2406 4592 1119;ob.1139-40.
