3075 5009
1147 500 1498 550 APPBNDIX.
2342 492 2467 552 399

181 660 452 739 partem1
496 656 922 737 praedictorum
977 657 1459 720 Monachorum:
1512 658 1609 720 De
1658 658 1819 721 dono
1862 657 2107 720 Radulfi
2157 658 2337 721 Stute
2390 660 2469 722 de

182 739 630 818 Scartheburge
673 750 737 801 et
784 738 1086 815 Gunildae,
1138 741 1346 800 uxoris
1401 740 1553 819 ejus,
1604 747 1801 801 totam
1847 740 2017 801 illam
2066 748 2289 802 terram
2329 761 2469 803 cum

181 821 452 883 aedificiis
507 821 922 900 superpositis,
981 840 1166 900 quam
1220 820 1408 882 iidem
1455 819 1760 883 Radulfus
1814 829 1880 882 et
1926 820 2197 882 Gunilda
2250 823 2470 884 habue-

181 913 334 963 runt
375 903 436 962 in
481 901 628 962 villa
666 902 744 963 de
773 902 1188 981 Scardeburge
1214 903 1280 963 in
1309 903 1665 981 Cartergate
1703 903 1887 982 juxta
1924 922 2128 963 mare:
2170 904 2263 965 De
2306 903 2469 965 dono

182 983 477 1044 willelmi
521 984 629 1043 filii
659 983 905 1044 Ricardi
945 983 1002 1045 le
1031 983 1414 1045 Waterleder
1438 984 1515 1045 de
1545 982 1959 1064 Scardeburge
2001 993 2195 1045 totam
2224 994 2465 1061 terram,

180 1085 324 1160 cum
367 1065 647 1173 omnibus
681 1065 1078 1159 pertinenciis
1111 1065 1253 1139 suis,
1285 1084 1420 1144 quse
1446 1065 1756 1144 quondam
1781 1064 1904 1125 fuit
1930 1066 2203 1145 capitalis
2236 1066 2471 1127 mansio

179 1145 721 1288 {ffiffizlilss‘ffl
737 1145 1063 1289 ⁸323&ss
1098 1145 1744 1288 33033⁸f152¹12¹2n⁰2301i112
1780 1154 2270 1307 i’isffimbi‘ffi,
2286 1167 2472 1307 ‘3233

177 1310 347 1370 inter
375 1309 726 1389 praedictam
767 1308 1084 1387 capitalem
1126 1308 1500 1370 mansionem
1542 1317 1607 1369 et
1646 1316 1869 1369 terram
1898 1329 2033 1391 quse
2059 1309 2181 1370 fuit
2208 1310 2471 1373 Gilberti

181 1390 368 1451 Fabri
397 1390 462 1451 in
505 1389 716 1451 eadem
743 1388 925 1452 villa:
974 1389 1069 1451 De
1097 1390 1260 1451 dono
1288 1390 1553 1451 Gilberti
1580 1389 1865 1451 Hansard
1892 1390 2281 1452 medietatem
2311 1392 2471 1452 villae

181 1490 322 1551 quae
363 1471 715 1533 nominatur
753 1470 1258 1550 Angrum—scil.,
1302 1490 1489 1531 unam
1532 1480 1875 1532 carucatam
1914 1482 2093 1533 terrae
2121 1492 2199 1533 ex
2235 1471 2472 1534 duabus

181 1553 482 1615 carucatis
525 1563 704 1613 terrae
742 1572 893 1631 quas
933 1552 1097 1613 idem
1125 1552 1439 1614 Gilbertus
1477 1552 1709 1615 ibidem
1750 1552 1981 1626 habuit,
2012 1572 2150 1614 cum
2190 1555 2367 1615 tostis
2408 1560 2473 1616 et

181 1634 396 1695 croftis
437 1642 502 1694 et
541 1634 822 1695 omnibus
863 1633 996 1694 aliis
1038 1633 1219 1693 rebus
1265 1634 1344 1694 ad
1393 1632 1651 1695 eandem
1689 1642 2031 1694 carucatam
2073 1642 2252 1696 terrae
2293 1636 2473 1716 perti·

183 1716 510 1777 uentibus:
554 1715 648 1776 De
676 1714 839 1775 dono
866 1714 1142 1793 ejusdem
1171 1713 1433 1776 Gilberti
1458 1714 1627 1776 illam
1656 1722 1995 1775 carucatam
2022 1724 2201 1777 terrae
2228 1717 2293 1777 in
2314 1717 2475 1778 Mor·

184 1808 350 1871 tona,
384 1816 522 1857 cum
563 1796 842 1858 omnibus
884 1796 1270 1875 pertinenciis
1311 1796 1436 1857 suis
1477 1804 1543 1857 et
1581 1796 1967 1857 libertatibus
2007 1804 2073 1857 et
2102 1797 2475 1859 aisiamentis

181 1878 430 1957 ubique,
461 1876 622 1938 infra
649 1877 859 1938 villam
899 1888 963 1938 et
1004 1886 1195 1952 extra,
1235 1896 1416 1957 quam
1446 1876 1633 1957 Hugo
1673 1878 1979 1957 quondam
2021 1877 2302 1940 Dunelm
2336 1879 2476 1959 Epi-

181 1979 405 2039 scopus
431 1959 660 2020 eisdem
688 1958 1006 2019 Monachis
1031 1958 1207 2020 dedit
1232 1960 1297 2019 in
1323 1958 1691 2019 escambium
1720 1960 1991 2039 quinque
2017 1961 2375 2022 bovatarum
2412 1967 2476 2022 et

183 2040 447 2101 duarum
491 2059 765 2101 acrarum
792 2048 970 2101 terrae
996 2047 1061 2101 et
1089 2040 1268 2100 unius
1305 2040 1494 2101 curtis
1524 2047 1589 2101 et
1615 2040 1797 2101 unius
1822 2040 2072 2120 virgulti
2104 2041 2165 2101 in
2208 2042 2356 2101 villa
2397 2041 2473 2103 de

184 2121 514 2201 Welberge
539 2146 551 2181 :
593 2121 688 2182 De
708 2121 871 2182 dono
895 2121 1174 2201 Hugonis
1193 2121 1299 2181 filii
1320 2120 1567 2181 Radulfi
1595 2120 1671 2181 de
1694 2121 2028 2201 Huckerby
2048 2121 2201 2183 duas
2221 2123 2474 2184 bovatas

183 2210 368 2264 terrae
413 2203 476 2263 in
522 2204 801 2282 Angrum
850 2222 986 2281 quoe
1025 2202 1232 2281 jacent
1279 2203 1741 2283 propinquiores
1782 2202 1903 2263 illis
1950 2203 2190 2264 duabus
2235 2204 2475 2266 bovatis

185 2292 369 2345 teme
399 2304 607 2344 versus
651 2283 839 2344 solem
880 2303 1030 2362 quas
1071 2283 1221 2344 dicti
1261 2282 1551 2345 Monachi
1592 2282 1821 2344 habent
1861 2303 1938 2345 ex
1980 2284 2101 2345 alia
2146 2285 2473 2347 donatione

188 2366 381 2445 ipsius
409 2364 690 2445 Hugonis
718 2363 782 2423 in
812 2364 1022 2425 eadem
1051 2364 1212 2439 villa,
1244 2385 1381 2426 cum
1419 2364 1579 2425 tofto
1608 2372 1671 2425 et
1698 2364 1891 2426 crofto
1922 2372 1987 2427 et
2028 2384 2165 2425 cum
2193 2368 2475 2428 omnibus

265 2448 596 2519 rtinenciis‚
627 2446 1013 2506 libertatibus
1039 2454 1104 2507 et
1131 2445 1503 2506 aisiamentis
1544 2444 1743 2507 eidem
1769 2454 1947 2507 terrae
1991 2447 2434 2524 pertinentibus
2460 2472 2474 2508 ε

251 2548 285 2589 Θ
313 2528 477 2588 dono
501 2527 790 2589 Beatricis
821 2526 958 2587 filiae
984 2525 1208 2607 Rogeri
1233 2527 1312 2589 de
1340 2526 1727 2605 Turstaneby
1756 2547 1936 2587 unam
1966 2528 2248 2589 bovatam
2282 2536 2471 2605 terrae,

187 2630 327 2670 cum
373 2608 776 2689 pertinenciis,
821 2608 886 2668 in
925 2608 1234 2668 territorio
1275 2608 1351 2669 de
1395 2607 1726 2688 Osgoteby‚
1762 2628 1963 2687 quam,
1994 2609 2137 2682 scil„
2178 2609 2475 2689 Rogatus,

188 2700 366 2771 patei·
409 2691 557 2767 ejus,
601 2690 750 2750 emit
792 2688 871 2749 de
899 2688 1170 2750 Roberto
1210 2688 1286 2749 de
1331 2689 1635 2767 Kaytona,
1680 2708 1817 2750 cum
1858 2689 2017 2750 tofto
2066 2700 2130 2750 et
2170 2692 2366 2752 crofto
2413 2699 2477 2752 et

189 2770 474 2833 omnibus
520 2770 654 2831 aliis
697 2770 1125 2849 pertinenciis:
1167 2769 1262 2831 De
1310 2769 1472 2831 dono
1518 2769 1822 2832 «Iohannis
1869 2770 1946 2832 de
1990 2770 2375 2832 Middeltona
2414 2780 2478 2833 et

186 2853 404 2914 Aliciae
431 2853 640 2913 uxoris
681 2851 815 2930 ejus
851 2850 1165 2913 dimidiam
1209 2860 1549 2912 carucatam
1576 2859 1757 2913 terrae
1783 2852 1847 2911 in
1876 2852 2305 2927 Wimbeltona‚
2339 2873 2475 2914 cum

186 2934 366 2995 tostis
407 2944 470 2993 et
497 2934 722 3006 croftis,
755 2941 820 2993 et
859 2952 996 2993 cum
1038 2932 1318 2993 omnibus
1351 2932 1761 3013 pertinenciis,
1791 2932 2177 2994 libertatibus
2204 2942 2269 2995 et
2309 2935 2480 2995 aisia-

187 3016 416 3076 mentis
457 3016 656 3075 eidem
697 3021 874 3074 terrae
904 3013 1362 3093 pertinentibus,
1394 3034 1580 3093 quam
1616 3013 1947 3093 praedictus
1974 3013 2288 3076 «Iohannes
2317 3016 2479 3096 cepit

188 3098 255 3157 in
300 3096 684 3175 marizagium
725 3115 861 3156 cum
903 3095 1069 3155 dicta
1106 3094 1323 3170 Alicia,
1353 3114 1545 3156 uxore
1586 3116 1732 3155 sua:
1776 3095 1871 3156 De
1911 3096 2073 3157 dono
2115 3097 2474 3157 Monialium

188 3177 272 3238 de
300 3178 609 3257 Marringe
651 3176 1055 3256 quadraginta
1098 3182 1367 3254 quatuor
1410 3196 1578 3236 acras
1618 3186 1798 3238 terroe
1841 3177 1908 3238 in
1946 3176 2293 3256 Herleseya‚
2338 3199 2474 3240 cum

188 3260 354 3320 tofto
387 3270 451 3319 et
491 3258 688 3320 crofto
730 3266 797 3319 et
835 3257 1220 3319 libertatibus
1260 3257 1338 3318 ad
1381 3257 1638 3319 eandem
1667 3269 1889 3318 terram
1920 3259 2379 3338 pertinentibus,
2414 3269 2478 3321 et

189 3360 332 3401 cum
373 3340 680 3400 communi
718 3352 968 3419 pastura
1007 3338 1086 3399 ad
1115 3348 1360 3400 centum
1401 3358 1546 3399 oves
1587 3339 1652 3399 in
1694 3339 2062 3400 escambium
2102 3360 2212 3419 pro
2242 3340 2479 3403 duabus

189 3422 434 3483 bovatis
461 3432 640 3483 terrae
680 3422 742 3481 in
773 3421 996 3500 Majori
1026 3419 1326 3499 Cu[tona]
1351 3444 1366 3481 ε
1408 3419 1504 3481 ΒΘ
1539 3419 1703 3481 dono
1731 3420 1994 3481 Abbatis
2033 3429 2098 3481 et
2126 3423 2481 3483 Conventus

190 3502 271 3564 de
301 3501 692 3563 Thornetona
717 3510 912 3563 totam
941 3510 1166 3562 terram
1194 3522 1378 3580 qnam
1420 3501 1772 3562 habuerunt
1797 3502 1863 3561 in
1894 3502 2154 3563 Bodlum
2196 3502 2273 3564 de
2314 3503 2477 3564 dono

189 3584 444 3645 Thomae
472 3585 548 3645 de
578 3584 840 3659 Biltona‚
871 3602 1010 3645 cum
1051 3583 1332 3645 omnibus
1373 3582 1761 3661 pertinenciis
1786 3605 1800 3643 ε
1842 3582 1939 3643 ΒΘ
1980 3584 2142 3643 dono
2170 3583 2341 3663 Elyae
2368 3583 2479 3663 filii

189 3666 451 3727 Roberti
487 3666 563 3726 de
590 3665 871 3741 Bellerby
900 3665 1054 3725 duas
1093 3684 1261 3725 acras
1310 3664 1470 3743 prati
1509 3664 1576 3724 in
1621 3663 1929 3725 territorio
1969 3664 2047 3725 de
2084 3664 2383 3744 Bellerby‚
2415 3672 2483 3727 et

189 3764 488 3827 praeterea
527 3756 727 3808 totum
755 3754 998 3827 pratum
1027 3746 1190 3825 quod
1230 3745 1478 3806 abuttat
1511 3745 1579 3805 in
1619 3744 2000 3825 longitudine
2040 3764 2221 3825 super
2260 3766 2479 3825 aquam

193 3831 272 3891 de
315 3829 635 3889 Terwinne
677 3838 742 3888 et
781 3848 964 3907 super
1007 3836 1248 3907 pratum
1291 3825 1623 3887 eorundem
1652 3825 2134 3888 Monachorum:
2177 3826 2273 3889 ΒΘ
2316 3828 2477 3889 dono

193 3910 470 3991 ejusdem
488 3909 660 3989 Elyae
687 3920 812 3969 tres
840 3928 1007 3969 acras
1037 3910 1194 3988 prati
1217 3910 1280 3968 in
1310 3908 1620 3970 territorio
1646 3906 1922 3986 ejusdem
1944 3908 2105 3969 villae
2133 3908 2209 3969 de
2233 3909 2351 3970 illis
2371 3930 2479 3971 sex

191 3993 348 4055 acris
378 3993 537 4071 prati
575 4010 726 4069 quas
757 3990 1100 4051 Willelmus
1139 3989 1217 4051 de
1244 3989 1439 4069 Barys
1479 3988 1787 4068 quondam
1817 3991 2021 4050 tenuit
2060 3990 2137 4050 de
2165 3990 2297 4069 ipso
2328 3990 2481 4071 Elya

190 4075 271 4136 ad
311 4072 872 4148 terminum—scil„
916 4072 1050 4132 illas
1092 4080 1216 4132 tres
1257 4092 1424 4132 acras
1467 4071 1625 4150 prati
1668 4070 1745 4133 de
1786 4070 1965 4131 dictis
2004 4090 2112 4132 sex
2152 4072 2307 4131 acris
2348 4092 2481 4151 quae

190 4157 400 4236 jacent
441 4174 518 4215 ex
561 4163 734 4235 parte
775 4153 1171 4216 occidentali:
1213 4150 1310 4213 De
1351 4152 1512 4213 dono
1554 4151 1831 4231 ejusdem
1872 4152 2021 4213 Eliae
2064 4161 2376 4231 pasturam
2418 4154 2483 4214 in

191 4236 504 4298 territorio
547 4236 622 4297 de
659 4234 951 4314 Belreby¹
994 4235 1073 4296 ad
1115 4233 1593 4315 quadringentas
1634 4242 1699 4294 et
1736 4235 2070 4313 nonaginta
2111 4253 2273 4305 oves,
2302 4240 2369 4294 et
2404 4233 2483 4296 ad

193 4318 453 4399 triginta
479 4330 704 4379 matres
733 4336 894 4392 oves,
925 4318 1110 4378 etiam
1137 4336 1276 4377 cum
1305 4316 1436 4377 loco
1465 4324 1530 4375 et
1557 4324 1727 4376 curte
1754 4316 1830 4376 ad
1860 4315 2193 4376 bercariam
2220 4335 2393 4376 suam
2422 4323 2487 4377 et

194 4401 274 4462 ad
304 4400 517 4461 domos
543 4408 856 4479 pastorum
883 4418 1146 4473 suorum,
1180 4406 1244 4460 et
1270 4397 1348 4457 ad
1386 4406 1589 4458 ortum
1619 4408 1683 4459 et
1710 4396 1829 4457 alia
1868 4397 2225 4457 aisiamenta
2264 4416 2390 4473 sua,
2422 4404 2486 4458 et

623 4517 642 4550 ¹
678 4518 922 4571 Par-lam.
1746 4512 1770 4548 ²
1801 4514 2053 4581 Belrelby.
