3075 5009
964 526 1441 577 GARTULARIUM
1484 528 1952 578 RIEVALLENSB.
2577 518 2616 576 5

318 686 405 751 de
424 685 757 787 proedictis
786 685 1124 751 arboribus
1152 686 1224 749 in
1256 684 1527 753 diversis
1550 685 1748 767 locis3
1789 692 1858 752 et
1877 685 2182 752 similiter
2213 692 2616 771 prosternere

316 775 485 839 facit
528 772 789 839 circiter
832 792 971 837 xxx
1015 793 1292 857 quercus
1333 772 1443 837 vel
1483 773 1766 859 amplius
1809 781 2100 859 tempore
2141 771 2334 851 seve,¹
2385 779 2454 838 et
2503 792 2612 839 ees

322 861 633 937 excoriat,
660 866 728 925 et
756 860 1033 925 vendere
1055 858 1083 899 ²
1110 860 1430 938 corticem,
1460 871 1529 925 et
1572 861 1850 927 dimittit
1890 860 2040 925 illas
2084 880 2360 946 quercus
2395 860 2615 945 jacere

320 948 397 1011 in
440 947 773 1031 praedictis
823 946 1034 1012 boscis
1077 968 1417 1033 quousque
1460 947 1705 1012 fuerint
1749 946 2100 1012 desiccatae.
2230 946 2416 1012 Dicit
2459 967 2611 1033 ergo

320 1034 505 1119 quod
546 1041 773 1099 contra
814 1034 1095 1099 eundem
1136 1034 1331 1099 finem
1378 1034 1670 1099 comburi
1713 1034 1869 1099 facit
1899 1035 2219 1099 brueriam
2246 1034 2317 1099 in
2347 1042 2613 1120 pastura

319 1122 501 1186 infra
563 1120 905 1205 praedictos
962 1122 1187 1186 boscos
1244 1121 1327 1186 ad
1386 1142 1692 1207 magnum
1767 1121 2228 1187 detrimentum
2286 1121 2614 1205 praedictae

320 1218 644 1293 pasturae:
691 1208 886 1273 Unde
915 1208 1076 1274 dicit
1103 1209 1279 1292 quod
1322 1228 1437 1293 per
1465 1208 1588 1273 hoc
1622 1208 1797 1293 quod
1827 1228 1956 1272 non
1985 1209 2202 1273 tenuit
2229 1208 2612 1292 praedictum

322 1298 529 1360 finem
601 1295 1026 1361 deterioratus
1083 1302 1184 1360 est
1241 1302 1308 1361 et
1366 1295 1565 1361 habet
1623 1296 1980 1379 dampnum
2045 1294 2129 1360 ad
2208 1294 2494 1360 valorem
2575 1316 2613 1361 c

322 1382 665 1459 librarum,
720 1390 789 1447 et
844 1382 998 1447 inde
1056 1382 1357 1466 producit
1406 1390 1670 1463 sectam,
1715 1387 1785 1448 et
1841 1382 2090 1465 profert
2139 1382 2612 1467 cyrographum

320 1471 503 1534 inter
530 1489 639 1535 eos
668 1470 1037 1535 confectum
1080 1470 1152 1533 in
1196 1468 1336 1535 haec
1380 1470 1593 1547 verba,
1637 1476 1755 1534 etc.
1845 1469 1935 1533 Et
1976 1469 2218 1547 Abbas,
2262 1489 2378 1554 per
2417 1475 2614 1534 attor-

322 1562 559 1621 natnm
588 1576 799 1633 snum,
826 1557 1012 1621 venit
1054 1564 1122 1622 et
1164 1555 1459 1622 defendit
1501 1558 1640 1620 vim
1683 1563 1752 1621 et
1792 1556 2119 1639 injuriam,
2150 1556 2410 1640 quando
2455 1562 2614 1623 etc:

320 1654 397 1708 et
424 1644 591 1708 bene
620 1644 923 1725 cognovit
950 1643 1331 1727 praedictnm
1360 1643 1576 1720 finem,
1593 1649 1660 1707 et
1678 1643 1989 1728 quicquid
2017 1643 2088 1707 in
2118 1664 2194 1708 eo
2223 1642 2612 1721 continetur,

321 1738 397 1796 et
423 1731 591 1795 bene
632 1730 927 1796 defendit
968 1731 1143 1815 quod
1187 1750 1524 1814 nunquam
1569 1730 1922 1795 excoriavit
1963 1730 2070 1795 vel
2114 1730 2426 1795 excoriari
2455 1730 2614 1795 fecit

320 1816 583 1901 aliquas
610 1836 885 1901 quercus
915 1818 987 1882 in
1031 1816 1359 1901 praedictis
1402 1817 1614 1881 boscis
1656 1816 1808 1902 plus
1851 1837 2048 1902 quam
2091 1838 2350 1883 necesse
2378 1817 2612 1882 habuit

322 1903 415 1968 ad
464 1924 623 1968 usus
668 1924 821 1970 suos
867 1904 1179 1989 proprios,
1224 1911 1361 1969 tam
1415 1903 1497 1969 de
1549 1904 1876 1968 mairemis
1918 1924 2118 1989 quam
2163 1904 2244 1970 de
2287 1904 2480 1970 bosco
2526 1904 2609 1969 ad

319 1990 705 2057 ardendum.
791 1991 881 2055 Et
907 1990 1209 2055 similiter
1234 1990 1402 2056 bene
1429 1989 1726 2055 defendit
1752 1990 1927 2075 quod
1956 2011 2294 2075 nunquam
2321 1990 2612 2076 aliquam

318 2076 589 2163 glanem
634 2076 900 2163 collegit
947 2077 1057 2143 vel
1102 2077 1421 2163 asportari
1466 2078 1624 2142 fecit
1673 2078 1845 2142 sicut
1891 2078 1954 2142 ei
1997 2078 2278 2162 imponit
2296 2102 2316 2143 ε
2374 2085 2442 2144 et
2486 2078 2611 2145 hoc

322 2172 594 2249 paratus
623 2172 725 2230 est
753 2164 1099 2230 defendere
1128 2172 1355 2229 contra
1382 2165 1600 2248 ipsum
1629 2170 1698 2229 et
1725 2172 1970 2230 sectam
1991 2185 2178 2229 suam
2207 2166 2380 2230 sicut
2412 2165 2610 2231 Curia

322 2251 711 2317 considerat.
819 2252 909 2316 Et
951 2250 1098 2317 ideo
1136 2250 1616 2316 consideratum
1661 2258 1762 2317 est
1806 2251 1981 2336 quod
2018 2251 2244 2318 vadiat
2287 2252 2348 2316 ei
2398 2252 2611 2337 legem

320 2338 501 2403 xiim
554 2358 773 2405 manu.
889 2339 977 2403 Et
1022 2339 1208 2403 venit
1264 2358 1415 2403 cum
1464 2337 1624 2422 lege,
1682 2337 1790 2404 die
1848 2338 1895 2403 J
1897 2339 2036 2403 ovis
2109 2339 2406 2423 proximo
2549 2344 2613 2405 st

322 2424 610 2492 Octabas
660 2426 723 2495 S.
771 2424 1065 2503 Martini,
1121 2424 1289 2510 pleg.
1329 2425 1411 2491 de
1462 2424 1606 2510 lege
1648 2424 1925 2490 Ricardo
1982 2425 2046 2491 le
2106 2424 2462 2491 Chauncell
2493 2424 2613 2513 orJ,

322 2513 653 2578 Herberto
696 2513 779 2579 de
823 2513 1271 2578 Haukestona.
1359 2513 1447 2577 Et
1491 2512 1744 2577 dictum
1788 2520 1887 2577 est
1939 2519 2264 2577 attornato
2315 2514 2611 2599 praedicti

320 2600 611 2664 Abbatis
667 2600 845 2684 quod
894 2600 1120 2666 venire
1170 2600 1369 2665 faciat
1425 2599 1810 2685 praedictum
1854 2600 2180 2664 Abbatem
2234 2600 2305 2665 in
2349 2601 2610 2685 propria

320 2707 605 2771 persona
650 2706 771 2751 sua
820 2686 902 2751 ad
955 2687 1201 2752 dictum
1251 2686 1608 2752 terminum
1661 2686 1745 2752 ad
1803 2686 2174 2751 faciendum
2231 2686 2611 2773 praedictam

320 2774 555 2859 legem.
647 2774 805 2839 Post
845 2774 1029 2839 venit
1071 2773 1419 2858 praedictus
1464 2774 1684 2839 Abbas
1728 2778 1798 2839 et
1840 2774 2000 2839 facit
2040 2773 2251 2859 legem
2295 2794 2500 2854 suam,
2543 2782 2612 2841 et

318 2860 475 2926 ideo
503 2861 985 2926 consideratum
1026 2869 1127 2925 est
1171 2861 1346 2946 quod
1386 2860 1737 2945 praedictus
1780 2860 2002 2926 Abbas
2043 2861 2198 2927 inde
2241 2861 2440 2927 vadat
2467 2861 2611 2928 sine

320 2948 449 3014 die.
538 2948 630 3012 Et
671 2948 1044 3015 willelmus
1088 2948 1160 3013 in
1204 2948 1656 3015 misericordia.
1744 2946 1834 3013 Et
1876 2948 1956 3013 de
1985 2948 2294 3015 scissione
2336 2949 2612 3035 husagii,

322 3034 709 3101 collectione
738 3035 1025 3113 nucium,
1053 3042 1123 3100 et
1149 3035 1233 3101 de
1274 3036 1664 3101 carbonibus
1706 3035 2040 3118 faciendis,
2077 3043 2145 3100 et
2187 3036 2270 3101 de
2312 3037 2610 3101 combus-

320 3124 509 3188 tione
552 3122 792 3187 bruerii
835 3122 909 3187 in
957 3129 1226 3207 pastura
1275 3123 1347 3187 in
1397 3122 1726 3208 praedictis
1776 3122 2006 3199 boscis,
2056 3122 2219 3187 dicit
2260 3122 2608 3207 praedictus

318 3208 553 3275 Abbas
611 3209 787 3294 quod
836 3208 978 3294 ipse
1035 3217 1104 3275 et
1160 3229 1383 3275 omnes
1426 3209 1921 3294 praedecessores
1964 3209 2088 3287 sui,
2129 3231 2170 3275 a
2227 3210 2609 3276 fundatione

318 3298 581 3361 Domus
626 3316 777 3373 suae,
805 3296 1165 3361 extiterunt
1206 3297 1277 3361 in
1307 3296 1548 3361 seisina
1590 3316 1844 3381 semper
1882 3296 2221 3362 scindendi
2263 3296 2608 3381 husagium

318 3385 397 3449 in
458 3382 693 3467 hyeme
750 3382 833 3447 ad
892 3382 1091 3448 boves
1142 3393 1209 3449 et
1265 3402 1495 3449 vaccas
1545 3402 1715 3460 suas,
1766 3390 1834 3449 et
1883 3382 2230 3469 colligendi
2281 3404 2498 3461 nuces,
2541 3390 2612 3450 et

318 3470 609 3537 faciendi
655 3469 965 3536 carbones
1004 3470 1087 3535 ad
1132 3491 1290 3535 usus
1334 3468 1463 3555 [2¹³]
1515 3490 1667 3535 suos
1717 3470 2026 3555 proprios,
2076 3477 2146 3535 et
2190 3470 2610 3537 comburendi

321 3558 659 3623 bruel-ium
702 3557 775 3621 in
834 3564 1100 3641 pastura
1140 3558 1317 3621 infra
1357 3557 1700 3644 praedictos
1752 3557 1996 3635 boscos,
2038 3564 2108 3623 et
2154 3565 2309 3623 ante
2358 3558 2608 3624 confec·

322 3646 577 3711 tionem
627 3643 923 3729 praedicti
968 3644 1121 3709 finis
1160 3653 1229 3709 et
1280 3665 1535 3729 semper
1585 3650 1846 3728 postea:
1911 3652 1980 3709 et
2035 3644 2230 3729 petiit
2279 3644 2606 3728 ,iudicium

323 3732 583 3799 deeicut
656 3732 799 3815 ipse
867 3739 935 3797 et
1001 3731 1500 3815 praedecessores
1553 3731 1657 3795 sui
1715 3738 1867 3796 ante
1925 3731 2398 3797 confectionem
2442 3752 2603 3817 prae·

322 3820 489 3885 dicti
516 3818 689 3896 finis,
718 3826 787 3883 et
837 3838 1091 3903 semper
1141 3826 1383 3903 postea,
1435 3818 1802 3883 extiterunt
1851 3816 1924 3882 in
1974 3818 2216 3883 seisina
2265 3818 2607 3884 scindendi

322 3906 691 3991 masagium,
750 3904 1095 3990 colligendi
1154 3926 1371 3983 nuces,
1428 3905 1734 3971 carbones
1793 3904 2089 3983 faciendi,
2148 3913 2217 3970 et
2271 3905 2605 3971 bruerium

319 3992 747 4060 comburendi
796 3992 870 4057 in
914 3997 1181 4077 pastura
1227 3992 1399 4058 infra
1455 3992 1798 4077 praedictos
1847 3990 2094 4069 boscos,
2140 3993 2270 4057 nisi
2322 3992 2394 4058 in
2443 4014 2606 4078 prae-

384 4143 405 4177 ¹
440 4142 575 4195 Thi·
607 4142 656 4193 is
686 4158 747 4194 ιο
783 4140 986 4207 clearly
1018 4142 1239 4194 written
1276 4141 1403 4193 that
1530 4140 1600 4193 G.
1642 4139 1768 4203 san.
1877 4138 1935 4191 It
1968 4140 2169 4207 hardly
2207 4140 2370 4193 needs
2413 4140 2482 4194 be
2525 4158 2606 4195 re·

316 4210 475 4261 thet-e
518 4224 619 4261 cen
662 4208 731 4260 be
776 4224 845 4260 no
888 4206 1061 4259 doubt
1112 4208 1163 4259 it
1212 4204 1401 4259 stands
1526 4205 1752 4257 marked
1773 4204 1897 4257 that
1929 4206 1978 4259 it
2009 4207 2057 4258 is
2091 4206 2602 4261 umaltofelloaks

318 4275 501 4355 either
542 4274 630 4326 for
658 4290 777 4327 aene
808 4289 871 4325 or
902 4275 988 4326 for
1016 4290 1141 4351 seve.
1213 4272 1244 4325 1
1276 4288 1397 4324 oon·
1522 4272 1583 4323 in
1604 4272 1700 4323 the
1721 4272 1854 4323 time
1876 4271 1934 4323 of
1952 4287 2064 4339 sap.

314 4339 1017 4469 {ntandegfltrtidthtleialtairiz
1036 4338 1218 4481 :12²¹ae
1234 4336 1399 4456 Ιζῗίξ
1588 4400 1612 4435 ²
1643 4400 1774 4453 This
1807 4402 1855 4454 is
1885 4418 1946 4454 ιο
1978 4402 2214 4465 written,
2251 4404 2360 4455 and
2391 4419 2453 4455 u
2486 4402 2534 4456 it
2546 4403 2604 4483 ‚is

508 4476 691 4525 tment
728 4470 785 4522 of
818 4470 915 4522 the
961 4469 1115 4522 ordin
1254 4470 1395 4537 Eng·
1522 4468 1760 4534 possible
1780 4472 1840 4521 to
1861 4467 2019 4519 make
2041 4469 2089 4522 it
2112 4468 2320 4535 depend
2345 4485 2415 4522 on
2431 4470 2604 4535 sam,

344 4540 356 4550 ’
470 4555 591 4605 κιρ.
697 4534 961 4603 Compare
1006 4486 1221 4589 0.H⁸.3.
1287 4534 1391 4601 κγ’,
1524 4550 1588 4585 as
1612 4540 1836 4586 sternere
1857 4533 2006 4597 does,
2033 4534 2062 4587 1
2084 4534 2238 4586 leave
2259 4536 2308 4587 it
2329 4550 2405 4588 ιο.
