3075 5009
1173 487 1524 537 APPENDIX.
2366 472 2492 531 395

211 646 518 707 Abbatem
547 646 624 706 de
651 644 964 723 Ryevalle,
995 652 1364 724 querentem,
1397 652 1460 705 et
1486 643 1823 705 Robertum
1851 640 1929 702 de
1956 639 2217 715 Laceles,
2247 639 2495 719 impedi-

211 735 438 801 entem,
468 726 546 788 de
573 726 619 786 ii
647 727 956 801 carucatis,
987 745 1072 786 xv
1100 726 1271 800 acria,
1308 726 1331 785 i
1367 725 1536 799 roda,
1571 724 1639 785 iii
1674 723 1985 803 perticatis
2028 731 2205 783 terrae
2247 769 2262 783 .
2310 766 2323 781 .
2368 767 2385 783 .
2428 721 2495 782 in

212 808 502 883 Morton3
542 808 563 867 i
593 807 830 881 bovata,
861 816 1080 888 quater
1106 807 1342 887 viginti,
1377 806 1588 867 decem
1630 814 1695 867 et
1734 813 1872 867 octo
1914 804 2067 864 acris
2106 812 2303 876 terrae,
2350 811 2417 863 et
2454 823 2495 863 v

212 890 406 965 tostis,
451 890 518 950 in
557 888 870 967 Herlesay,
915 897 980 950 et
1018 888 1098 949 de
1137 896 1387 969 pastura
1422 888 1500 948 ad
1539 894 1855 949 sexcentas
1890 905 2052 961 oves,
2095 906 2141 945 x
2182 903 2391 945 vaccas
2432 891 2497 944 et

211 991 404 1032 unum
453 982 697 1031 taurum
737 971 804 1031 in
846 969 1144 1048 Herlesay
1183 978 1248 1031 et
1283 968 1608 1049 Bordelby,
1653 967 1817 1029 unde
1859 967 2149 1047 placitum
2186 964 2495 1026 wat-antiae

209 1062 395 1113 cartae
447 1054 888 1113 summonitum
941 1052 1065 1113 fuit
1116 1052 1278 1113 inter
1332 1070 1434 1113 eos
1489 1052 1553 1111 in
1608 1050 1821 1111 eadem
1868 1046 2279 1129 Curia—scil„
2329 1044 2493 1126 quod

212 1132 540 1213 praedictus
608 1133 912 1194 Robertus
965 1133 1320 1211 recognovit
1377 1131 1669 1212 praedicta
1722 1131 1881 1192 tofta
1934 1140 2001 1191 et
2054 1139 2295 1202 terram,
2354 1147 2494 1188 cum

212 1224 464 1295 pastura
491 1223 556 1276 et
582 1215 864 1276 omnibus
893 1214 1028 1275 aliis
1055 1215 1235 1275 rebus
1261 1212 1340 1275 ad
1367 1212 1581 1275 eadem
1608 1213 1769 1274 tofta
1796 1222 1859 1273 et
1886 1219 2110 1272 terram
2142 1210 2497 1290 pertinenti-

213 1296 346 1371 bus,
373 1304 450 1369 et,
484 1306 790 1376 praeterea,
822 1295 1174 1375 praedictam
1201 1303 1512 1375 pasturam
1555 1341 1569 1356 .
1615 1341 1629 1356 .
1675 1340 1690 1355 .
1737 1312 1865 1354 esse
1888 1292 1990 1370 jus
2017 1292 2207 1372 ipsius
2234 1290 2495 1352 Abbatis

211 1386 280 1439 et
297 1377 580 1438 Ecclesiae
602 1397 725 1438 suae
753 1377 830 1437 de
859 1376 1166 1455 Ryevalle,
1191 1386 1264 1437 ut
1291 1376 1397 1437 illa
1423 1396 1561 1455 quae
1587 1375 1750 1436 idem
1772 1375 1980 1436 Abbas
2002 1384 2068 1433 et
2092 1372 2359 1433 Ecclesia
2384 1391 2495 1431 sua

209 1458 503 1601 praedicta
549 1458 777 1519 habent
824 1457 900 1519 de
953 1458 1117 1519 dono
1164 1467 1611 1519 antecessorum
1665 1457 1857 1537 ipsius
1911 1455 2181 1527 Roberti,
2233 1472 2495 1533 quorum

256 1559 404 1600 seres
437 1541 566 1618 ipse
606 1549 715 1612 est,
761 1547 825 1599 et
865 1539 1319 1600 confirmatione
1359 1537 1635 1618 ejusdem
1674 1534 2311 1599 Roberti—Habenda
2352 1581 2365 1594 .
2411 1580 2426 1595 .
2476 1580 2489 1594 .

209 1620 412 1681 eidem
433 1621 663 1682 Abbati
681 1620 759 1681 de
788 1621 1076 1699 praedicto
1105 1621 1373 1682 Roberto
1402 1628 1467 1681 et
1493 1619 1833 1680 haeredibus
1860 1620 1984 1680 suis
2010 1618 2075 1677 in
2104 1616 2493 1676 elemosinam

210 1702 466 1763 liberam
531 1748 544 1763 .
611 1750 626 1763 .
693 1748 707 1762 .
767 1700 853 1762 Et
935 1702 1216 1763 raedictus
1263 1701 1570 1763 Robertus
1618 1708 1684 1763 et
1722 1700 1992 1762 haeredes
2030 1699 2123 1759 sui
2163 1696 2489 1779 [wmwntm

206 1788 325 1859 eta,
356 1804 422 1844 as
447 1785 510 1843 in
522 1783 741 1861 former
752 1782 902 1861 fines
931 1830 944 1844 .

297 1970 394 2033 70.
440 1968 728 2053 [Charter
767 1969 924 2032 Roll.
1015 1973 1092 2031 35
1123 1968 1312 2031 Henr.
1345 1985 1438 2031 111.
1474 1966 1708 2051 [1251],
1739 1989 1818 2029 m.
1853 1970 1907 2029 6.
1992 1966 2115 2028 Pro
2142 1966 2387 2027 Abbate
2414 1964 2494 2026 de

209 2050 498 2134 Rivalle.]
555 2051 691 2113 Rex
706 2051 1211 2131 Archiepiscopis,
1233 2058 1368 2127 etc„
1387 2050 1665 2113 salutem.
1726 2050 1941 2111 Sciatis
1966 2069 2093 2121 nos,
2118 2048 2351 2131 intuitu
2373 2046 2493 2107 Dei

211 2140 280 2195 et
303 2152 415 2214 pro
443 2132 637 2193 salute
680 2180 695 2193 .
741 2180 754 2194 .
803 2180 816 2194 .
863 2133 1247 2194 confirmasse
1288 2180 1304 2197 .
1353 2179 1368 2194 .
1409 2178 1426 2193 .
1471 2132 1539 2193 Β.
1568 2130 1780 2193 Mariae
1801 2143 1866 2191 et
1881 2130 2112 2191 Abbati
2140 2128 2217 2190 de
2234 2126 2493 2205 Ryvalle

215 2260 231 2277 .
289 2259 304 2277 .
365 2261 380 2277 .
437 2214 797 2275 donationes
853 2222 917 2275 et
977 2215 1392 2276 concessiones
1445 2213 1834 2292 subscriptas,
1892 2212 1980 2272 eis
2049 2209 2494 2272 rationabiliter

211 2296 420 2371 factas,
471 2298 535 2356 in
579 2341 594 2357 .
639 2342 654 2357 .
701 2340 717 2357 .
761 2295 1435 2371 elemosinam—videl„
1495 2295 1558 2356 A
1610 2293 1772 2355 dono
1828 2292 2091 2354 Gilberti
2146 2291 2225 2352 de
2281 2290 2493 2352 Gaunt

211 2386 406 2437 totam
455 2384 766 2456 pasturam
819 2376 899 2437 de
946 2376 1281 2439 Swaledale
1337 2378 1500 2438 infra
1552 2376 1783 2435 divisas
1837 2382 1901 2435 et
1954 2382 2149 2433 metas
2204 2372 2269 2432 in
2323 2380 2493 2433 carta

211 2457 488 2537 ejusdem
530 2457 813 2531 Gilberti,
856 2477 1040 2536 quam
1079 2458 1267 2519 iidem
1306 2456 1595 2520 Monachi
1642 2455 1787 2517 inde
1835 2454 2079 2529 habent,
2125 2454 2487 2527 nominatae,

210 2559 347 2601 cum
388 2538 572 2600 faldis
613 2548 678 2600 et
717 2539 894 2619 logiis
936 2539 1015 2600 ad
1057 2539 1341 2600 animalia
1381 2560 1506 2614 sua,
1538 2547 1603 2599 et
1643 2537 1926 2599 domibus
1965 2536 2228 2596 fratrum
2270 2543 2335 2595 et
2374 2554 2493 2595 ser-

210 2620 512 2681 vientium
539 2627 603 2681 et
636 2620 988 2681 animalium
1029 2640 1295 2695 suorum,
1327 2623 1498 2694 ortis,
1528 2618 1821 2680 clausuris
1863 2626 1927 2679 et
1969 2618 2251 2678 omnibus
2292 2634 2491 2677 neces·

210 2702 386 2763 sariis
412 2702 491 2762 ad
520 2702 747 2777 domos,
778 2721 965 2781 sepse,
996 2700 1180 2776 focos,
1211 2701 1425 2779 faldas,
1447 2701 1661 2781 logias,
1691 2708 1758 2761 et
1784 2698 1863 2761 ad
1892 2706 2108 2759 caetera
2135 2697 2493 2758 aisiamenta

209 2802 321 2843 sua
373 2783 437 2843 in
491 2782 726 2844 foresta
777 2782 856 2845 de
912 2782 1282 2844 Swaledale:
1350 2783 1411 2844 A
1464 2783 1627 2844 dono
1682 2780 1937 2842 Roberti
1991 2778 2069 2840 de
2124 2778 2250 2841 Ros
2304 2797 2490 2838 unam

207 2872 552 2925 carucatam
605 2873 784 2925 terrae
837 2865 902 2924 in
956 2862 1378 2937 Ledbristona,
1436 2884 1573 2924 cum
1630 2871 1767 2924 octo
1822 2861 1997 2923 tostis
2051 2879 2185 2940 quse
2240 2860 2492 2920 fuerunt

213 2944 506 3006 willelmi
546 2945 624 3007 de
666 2948 888 3019 Atona,
926 2952 989 3006 et
1037 2965 1257 3007 novem
1299 2946 1537 3007 bovatis
1579 2952 1756 3005 terrae
1798 2952 1861 3005 et
1900 2941 1987 3004 les
2026 2942 2381 3014 Ovenames,
2427 2946 2492 3000 et

210 3026 364 3087 duas
391 3036 592 3106 partes
621 3027 803 3086 11111116
829 3026 1180 3100 molendini,
1205 3047 1345 3089 cum
1372 3026 1780 3105 pertinenciis,
1804 3024 1866 3084 in
1898 3023 2201 3084 Kaitona:
2237 3022 2299 3083 A
2324 3022 2487 3082 dono

208 3107 502 3169 Albredse
548 3108 686 3168 filiae
734 3106 981 3168 Ricardi
1031 3106 1160 3190 [de]
1209 3108 1561 3188 Sproxtona
1604 3106 1759 3167 duas
1806 3105 2061 3166 bovatas
2108 3112 2303 3177 terrae,
2350 3121 2489 3164 cum

210 3189 617 3269 pertinenciis,
641 3197 896 3269 excepto
923 3188 1178 3249 dimidio
1205 3190 1366 3250 tofto
1394 3190 1458 3251 in
1483 3187 1659 3249 West
1685 3187 1987 3261 Neutona,
2013 3205 2162 3266 quas
2180 3184 2489 3245 Uctredus

209 3270 288 3332 de
331 3270 509 3331 West
555 3269 842 3331 Neutona
880 3269 1190 3350 quondam
1237 3271 1456 3346 tenuit,
1497 3277 1562 3332 et
1602 3269 1751 3330 alias
1793 3268 1947 3329 duas
1994 3268 2245 3329 bovatas
2286 3274 2485 3339 terrie,

207 3350 1449 3513 ffiss⁶ssli²5n333rsz⁰iffissm⁰⁰ss032ffit
1471 3351 1559 3494 ἓξ
1578 3350 1771 3493 3133&
1778 3350 1906 3491 33:1²
1910 3346 2487 3510 Sssssffiffirfflffuiss

206 3522 274 3574 et
320 3514 684 3593 Radulphus
719 3513 1034 3575 Bercarius
1077 3514 1274 3587 aliam,
1327 3522 1390 3575 et
1433 3534 1643 3575 omnes
1690 3520 1883 3573 terras
1932 3520 1997 3573 et
2042 3517 2289 3571 tenuras
2337 3528 2489 3588 quas

207 3594 396 3656 iidem
424 3595 633 3656 Abbas
661 3602 725 3657 et
758 3594 1037 3657 monachi
1065 3595 1298 3657 habent
1324 3595 1402 3657 de
1429 3595 1594 3656 dono
1621 3594 1947 3655 liberorum
1975 3592 2291 3652 hominum
2318 3588 2489 3650 feodi

206 3676 514 3756 praedictae
539 3676 825 3738 Albredse
852 3676 917 3737 in
947 3676 1158 3737 eadem
1185 3676 1368 3739 villa:
1409 3676 1492 3737 Et
1517 3676 1597 3737 de
1624 3675 1787 3735 dono
1815 3672 2077 3735 Gilberti
2105 3672 2183 3733 de
2211 3669 2491 3749 Malteby

206 3758 480 3838 quinque
533 3758 786 3819 bovatas
840 3765 1018 3818 terrae
1081 3803 1096 3820 .
1156 3804 1170 3819 .
1239 3804 1254 3820 .
1315 3758 1381 3818 in
1437 3756 2010 3829 Nonintona—viz„
2054 3762 2181 3815 tres
2233 3753 2488 3813 bovatas

207 3848 404 3915 terrae,
435 3859 574 3900 cum
602 3839 777 3899 tostis
807 3848 870 3899 et
896 3838 1122 3913 croftis,
1155 3858 1306 3918 quas
1333 3838 1679 3900 Willelmus
1708 3836 1869 3897 filius
1899 3834 2136 3897 Gameli
2178 3833 2487 3914 quondam

206 3921 424 3994 tenuit,
457 3928 521 3981 et
561 3920 710 3981 duas
752 3920 1004 3981 bovatas
1045 3928 1222 3982 terrae
1262 3920 1327 3981 in
1369 3920 1580 3981 eadem
1610 3918 1756 3979 villa
1794 3936 1944 3997 quas
1984 3916 2293 3977 Robertus
2326 3914 2489 3975 filius

207 4001 462 4062 Mathaei
489 4002 800 4080 quondam
827 4001 1044 4075 tenuit,
1076 4002 1234 4063 sicut
1261 4010 1442 4062 cartae
1471 4001 1895 4082 praedictorum
1924 3998 2304 4072 donatorum,
2336 4014 2488 4074 quas

207 4082 484 4162 praedicti
524 4083 731 4144 Abbas
771 4090 836 4142 et
875 4082 1154 4143 monachi
1195 4082 1339 4144 inde
1381 4081 1627 4155 habent,
1670 4079 2113 4141 rationabiliter
2161 4086 2485 4138 testantur.

207 4162 410 4240 Quare
440 4163 734 4238 volumuS,
766 4172 899 4237 etc„
931 4184 1042 4245 pro
1070 4164 1244 4226 nobis
1273 4171 1336 4225 et
1362 4163 1705 4225 haeredibus
1732 4162 1973 4236 nostris,
2006 4159 2171 4240 quod
2214 4156 2487 4237 praedicti

206 4244 416 4307 Abbas
453 4253 516 4307 et
544 4244 820 4305 monachi
864 4251 928 4306 et
968 4265 1178 4306 eorum
1218 4264 1585 4307 successores
1626 4246 2075 4323 imperpetuum
2117 4240 2383 4301 habeant
2424 4245 2489 4299 et

205 4334 456 4389 teneant
477 4325 826 4407 praedictam
848 4336 1176 4406 pasturam,
1197 4334 1262 4388 et
1281 4347 1488 4387 omnes
1511 4335 1700 4388 terras
1722 4332 1786 4386 et
1806 4330 2157 4386 tenementa
2176 4319 2483 4399 praedicta,

202 4407 410 4482 libere,
434 4409 658 4488 quiete,
676 4408 832 4469 bene
860 4416 924 4468 et
952 4408 1016 4468 in
1037 4428 1199 4487 pace,
1221 4428 1357 4469 cum
1381 4408 1662 4469 omnibus
1689 4405 2080 4479 aisiamentis,
2102 4401 2487 4463 libertatibus

133 4555 144 4565 ‚
201 4497 268 4551 et
295 4490 501 4551 liberis
529 4488 1070 4577 consuetudinibus
1097 4488 1178 4550 ad
1205 4487 1447 4552 easdem
1475 4496 1785 4568 pasturam
1826 4494 1891 4548 et
1931 4484 2249 4564 praedictas
2292 4490 2488 4543 terras
