3075 5009
884 525 1358 578 camoranum
1386 527 1852 580 murmures.
2385 517 2508 582 177

236 683 557 761 viventes,
606 691 928 770 quantum
973 683 1059 750 ad
1105 685 1429 752 unitatem
1485 685 1769 770 Spiritus
1826 691 1896 754 et
1943 685 2283 754 vinculum
2329 688 2514 774 pacis

236 771 581 857 utriusque
636 771 890 836 Domus
946 793 1067 856 pro
1122 793 1255 838 una
1312 777 1380 838 et
1436 771 1663 838 eadem
1735 771 2069 843 habeatur.
2198 775 2288 840 Et
2343 775 2512 853 ideo,

240 857 523 924 obeunte
579 858 801 945 aliquo
858 859 1059 924 fratre
1115 859 1531 935 Rievallensi‚
1575 859 1806 925 fratres
1865 860 1947 926 de
1999 859 2380 928 Bellelanda
2437 862 2510 928 in

242 945 458 1012 missis
487 951 556 1011 et
597 945 867 1031 psalmis
895 947 1271 1030 caeterisque
1298 945 1892 1032 oratio[l48]nibus
1933 947 2106 1014 sicut
2146 969 2266 1032 pro
2309 950 2510 1015 fratre

239 1032 449 1116 ipsius
498 1032 753 1098 Domus
794 1033 1073 1114 facient3
1136 1033 1311 1118 quod
1354 1040 1421 1098 et
1456 1032 1694 1117 ipsum,
1721 1033 2000 1100 obeunte
2046 1034 2267 1121 aliquo
2310 1037 2511 1101 fratre

240 1118 657 1197 Bellelandae,
684 1119 1123 1185 Rievallenses
1150 1140 1268 1204 pro
1296 1119 1439 1205 ipso
1466 1120 1852 1204 persolvent.
1943 1121 2016 1186 Si
2058 1142 2214 1187 vero
2257 1123 2508 1208 aliquid

238 1205 497 1272 adversi
541 1206 649 1272 vel
688 1207 1151 1290 persecutionis
1202 1207 1285 1271 ab
1329 1206 1676 1285 advocatis,
1720 1207 1830 1273 vel
1873 1227 1912 1273 a
1952 1209 2350 1294 potentibus,
2399 1211 2512 1277 vel

236 1293 475 1358 vicinis
518 1293 637 1358 uni
681 1293 927 1358 Domui
970 1294 1319 1370 emerserit,
1342 1314 1461 1378 per
1502 1295 1786 1360 invicem
1816 1295 2084 1360 stabunt
2127 1297 2398 1362 consilio
2441 1304 2516 1362 et

236 1379 507 1458 aun‘lio,
551 1381 677 1448 sibi
726 1380 801 1444 in
858 1381 1157 1447 omnibus
1216 1380 1632 1446 adhaerentes.
1750 1381 1824 1447 Si
1868 1388 2090 1448 autem
2145 1383 2508 1448 infortunio

238 1466 481 1552 aliquo,
538 1467 709 1532 sicut
766 1467 1085 1544 incendio,
1140 1468 1389 1534 Domui
1450 1469 1572 1532 uni
1628 1468 1990 1552 periculum
2050 1468 2516 1536 destructionis

236 1553 575 1631 institerit,
646 1553 871 1631 altera,
936 1554 1295 1620 secundum
1354 1554 1700 1621 consilium
1777 1575 1999 1620 eorum
2072 1556 2190 1640 qui
2261 1563 2508 1623 statum

236 1641 495 1706 Domus
542 1642 977 1727 cognoverint,
1002 1642 1077 1706 in
1119 1641 1517 1708 consulendo
1561 1647 1628 1706 et
1672 1641 2114 1708 subveniendo
2157 1644 2508 1710 karitative

237 1747 310 1794 se
338 1727 622 1794 habebit.
713 1728 1159 1794 Constitutum
1189 1735 1291 1794 est
1334 1729 1531 1794 etiam
1561 1734 1640 1792 ut
1668 1733 1874 1794 metas
1913 1750 2076 1814 quas
2103 1730 2277 1796 inter
2303 1739 2510 1798 terras

238 1822 310 1881 et
337 1834 581 1900 pascua
608 1821 675 1880 et
712 1814 855 1880 loca
884 1835 1003 1881 sua
1042 1817 1327 1892 fuerunt,
1356 1816 1527 1880 sicut
1556 1815 1730 1880 infra
1771 1815 2089 1901 scriptum
2134 1823 2253 1894 est,
2280 1817 2506 1883 nullus

238 1902 771 1984 transgrediatur,
827 1902 941 1968 sed
998 1908 1328 1988 perpetuae
1399 1905 1580 1988 pacis
1653 1903 2074 1988 caritatisque
2146 1905 2508 1970 custodiam

238 1988 499 2073 singula
556 1988 811 2054 Domus
870 1989 1005 2054 suis
1062 1990 1251 2054 terris
1304 1994 1373 2054 et
1430 1991 1736 2074 pasturis,
1785 1991 2161 2076 caeterisque
2205 1993 2510 2076 possessi-

236 2077 473 2140 onibus
504 2075 640 2141 sint
668 2083 1005 2142 contentae.
1096 2077 1285 2155 Quod
1313 2077 1371 2142 si
1400 2078 1550 2162 quis
1591 2084 2030 2162 transgressus
2069 2079 2282 2156 fuerit,
2313 2099 2506 2163 poena

236 2183 389 2248 quae
444 2163 617 2228 infra
686 2168 969 2242 notatm,
1026 2171 1277 2230 remota
1348 2164 1529 2228 omni
1603 2164 2100 2248 dispensatione,
2160 2165 2504 2249 plectatur.

239 2251 715 2316 Concesserunt
758 2270 1017 2335 quoque
1046 2251 1305 2316 Fratres
1350 2250 1744 2316 Bellelandae
1773 2251 2105 2316 Fratribus
2133 2253 2502 2318 Rievallen-

238 2337 425 2402 sibus
450 2337 689 2404 habere
715 2346 985 2423 pontem
1014 2358 1205 2403 suum
1248 2337 1628 2422 laqueatum
1645 2336 1670 2378 ¹
1699 2337 1782 2402 ad
1810 2338 2150 2403 retinenda
2176 2339 2359 2422 ligna
2387 2359 2505 2405 sua

237 2444 387 2508 quse
430 2445 548 2509 per
590 2445 827 2509 aquam
869 2425 1003 2489 1³1·ae
1048 2425 1523 2492 convehentur:
1583 2424 1696 2509 qui
1740 2444 1905 2508 pons
1955 2426 2096 2508 ejus
2138 2424 2512 2491 altitudinis

236 2512 367 2576 erit
394 2512 580 2595 cujus
609 2512 739 2576 fuit
767 2532 845 2576 ea
872 2511 977 2577 die
1009 2532 1139 2597 qua
1175 2512 1316 2576 haec
1344 2512 1690 2578 conventio
1719 2512 1892 2576 facta
1920 2519 2054 2592 est3
2097 2511 2222 2587 vel,
2251 2512 2311 2577 si
2355 2533 2505 2577 eum

236 2598 527 2663 exaltare
572 2599 915 2678 voluerint,
956 2619 1163 2683 usque
1217 2599 1279 2683 [1
1292 2597 1433 2682 48¹²]
1494 2599 1579 2664 ad
1625 2598 2066 2682 aequalitatem
2121 2599 2282 2683 ripae
2337 2599 2505 2664 illud

234 2684 525 2750 exaltare
551 2691 877 2771 poterunt.
966 2687 1441 2751 Concesserunt
1467 2685 1564 2750 eis
1611 2685 1810 2750 etiam
1850 2686 2026 2748 viam
2069 2705 2110 2749 a
2151 2691 2350 2770 ponte
2391 2707 2513 2770 per

236 2771 555 2838 boschum
622 2778 690 2836 et
753 2793 1058 2856 campum
1126 2771 1519 2857 Beghlandae
1538 2770 1568 2810 ²
1639 2777 1959 2856 quantum
2033 2777 2203 2838 terra
2283 2793 2504 2838 eorum

240 2859 439 2924 durat
479 2879 707 2924 versus
736 2859 1136 2926 Hestelsceit
1170 2859 1527 2924 octodecim
1569 2858 1811 2944 pedum
1841 2858 1912 2924 in
1941 2858 2168 2935 latum,
2197 2864 2264 2924 et
2293 2859 2504 2943 ipsam

234 2946 419 3010 viam
476 2946 815 3012 emendare
879 2946 1398 3031 quandocunque
1459 2967 1624 3030 opus
1681 2945 1898 3023 fuerit,
1955 2955 2023 3010 et
2087 2946 2217 3030 ipsi
2273 2947 2506 3012 fratres

235 3031 681 3100 Rievallenses
724 3034 1089 3114 voluerint3
1130 3039 1197 3099 et
1239 3033 1414 3118 quod
1452 3033 1654 3098 libere
1697 3037 2005 3118 poterunt
2047 3033 2300 3098 firmare
2344 3041 2512 3119 stag-

234 3140 403 3184 num
434 3125 498 3185 et
532 3127 765 3206 pontes
794 3121 865 3187 in
909 3121 1053 3205 ripa
1094 3142 1179 3188 ex
1218 3128 1403 3206 parte
1454 3119 1870 3204 Beghlandae,
1899 3125 1966 3184 et
2009 3119 2240 3186 fratres
2292 3121 2504 3186 Belle-

234 3207 453 3274 landae
510 3208 583 3272 in
640 3207 784 3291 ripa
837 3229 922 3273 ex
978 3214 1161 3292 parte
1218 3207 1636 3284 Rievallensi‚
1681 3206 1776 3272 ita
1833 3213 1912 3271 ut
1960 3206 2166 3272 nichil
2221 3207 2511 3292 amplius

232 3374 275 3424 b
336 3373 434 3424 Dr.
471 3373 770 3426 Greenwell
796 3375 855 3426 in
886 3375 983 3426 the
1011 3374 1225 3441 prefaoe
1256 3377 1317 3425 to
1427 3389 1461 3424 a
1477 3371 1700 3424 shallow
1712 3377 1928 3434 stream,
1948 3387 2010 3425 or
2023 3377 2150 3440 part
2164 3373 2221 3424 of
2236 3389 2270 3424 a
2285 3378 2504 3436 stream,

304 3454 337 3490 ο
368 3439 686 3491 Feodarium
718 3441 897 3492 Prior.
928 3439 1194 3502 Dunelm„
1221 3455 1309 3506 pp.
1428 3439 1486 3490 of
1518 3439 1614 3488 the
1648 3438 1816 3490 cattle
1849 3438 1906 3489 of
1948 3454 2048 3489 one
2082 3439 2327 3504 ooeupier
2359 3455 2396 3490 u
2467 3456 2506 3490 n

232 3504 337 3567 lxi,
390 3505 505 3566 lxii,
544 3505 651 3556 and
706 3509 767 3558 to
808 3506 985 3557 whioh
1038 3506 1133 3556 the
1189 3505 1315 3556 date
1427 3504 1523 3554 the
1555 3503 1712 3554 lands
1744 3504 1801 3554 of
1831 3503 2058 3555 another
2086 3503 2344 3569 occupier.
2487 3533 2506 3543 -

238 3571 375 3625 1147
394 3570 443 3620 is
463 3570 727 3637 assigned,
756 3570 1117 3632 AEthelredus,
1146 3570 1212 3622 D.
1240 3571 1306 3622 G.
1428 3568 1584 3630 deed,
1601 3568 1798 3648 during
1814 3568 1911 3619 the
1922 3573 2142 3634 present
2161 3585 2310 3634 year,
2325 3569 2355 3620 1
2371 3569 2513 3620 have

234 3635 429 3687 Abbas
450 3635 678 3686 Rieuall’
700 3637 748 3686 is
792 3636 1000 3698 named,
1026 3636 1150 3698 and,
1176 3636 1313 3686 with
1429 3649 1557 3684 seen
1610 3649 1644 3684 a
1695 3633 1886 3700 bndge
1943 3637 1980 3662 “
1994 3633 2276 3700 laqueatus
2291 3633 2322 3658 ’'
2371 3635 2507 3685 with

233 3701 372 3762 him,
398 3699 621 3760 Robert,
646 3701 831 3752 Abbot
852 3701 910 3752 of
936 3701 1313 3763 Newminster,
1428 3699 1560 3750 wire
1593 3699 1822 3765 netting,
1848 3699 2168 3765 apparently
2190 3704 2249 3750 to
2281 3703 2508 3765 prevent

234 3765 529 3828 cuthbert,
578 3765 733 3817 Prior
776 3766 833 3817 of
875 3766 1160 3828 Giseburn,
1209 3771 1313 3818 etc.
1430 3764 1525 3816 the
1547 3779 1769 3830 passage
1789 3764 1950 3830 along
1977 3765 2072 3815 the
2103 3771 2302 3814 sia-eam
2322 3763 2382 3815 of
2411 3763 2507 3815 the

234 3831 447 3894 Abbot,
471 3831 623 3893 then,
648 3831 787 3882 from
816 3833 943 3888 1147
976 3831 1085 3884 and
1116 3831 1314 3894 before,
1430 3829 1752 3880 water-fowl
1765 3828 2048 3896 belonging
2062 3833 2122 3880 to
2142 3829 2238 3880 the
2259 3828 2512 3894 adjacent

240 3895 433 3948 Ailred
452 3896 565 3948 had
585 3897 775 3963 passed
806 3913 979 3964 away,
1004 3913 1063 3948 as
1094 3911 1319 3964 appears
1431 3895 1740 3946 farmstead.
1827 3895 1958 3946 This
1991 3910 2103 3945 was
2140 3894 2199 3945 in
2235 3893 2506 3946 Kirkcud·

240 3963 434 4024 below,
461 3961 643 4014 before
667 3963 813 4020 1170.
1431 3959 1776 4025 brightshire.
1853 3959 1910 4010 It
1941 3961 1990 4010 is
2021 3959 2245 4010 obvious
2273 3959 2416 4021 that,
2449 3962 2510 4012 to

1433 4043 1469 4076 a
1506 4026 1710 4076 certain
1749 4029 1958 4088 extent,
1991 4025 2123 4076 such
2160 4025 2514 4076 interferenee

304 4089 329 4124 ²
358 4091 413 4142 A
434 4091 729 4142 somewhat
752 4089 963 4144 euricus
984 4089 1317 4156 stipulation.
1433 4091 1568 4142 with
1601 4091 1714 4142 free
1745 4106 1902 4157 passa
1937 4106 1968 4140 e
1999 4089 2188 4152 beloW,
2225 4105 2287 4142 or
2316 4089 2510 4142 under·

238 4155 359 4208 The
378 4157 501 4208 idea
526 4157 585 4208 in
618 4156 715 4208 the
747 4156 1053 4222 expression
1088 4159 1125 4184 “
1230 4171 1317 4206 ue·
1432 4157 1620 4218 neath,
1676 4156 1772 4208 the
1825 4155 1910 4206 bri
2066 4155 2242 4221 might
2294 4158 2511 4221 operate

240 4226 367 4274 atus
380 4221 411 4246 ”
434 4223 501 4284 is,
525 4221 583 4274 oi
602 4237 805 4284 course,
833 4222 929 4273 the
949 4236 1095 4272 same
1114 4237 1175 4273 as
1292 4225 1319 4272 t
1469 4221 1806 4287 rejudicially
1828 4225 1886 4271 to
1919 4225 1946 4271 t
1985 4237 2014 4271 e
2043 4221 2295 4274 inter-ests
2327 4221 2384 4272 oi
2415 4219 2514 4272 the

239 4286 494 4340 involved
526 4287 587 4338 in
618 4287 769 4339 what
799 4287 847 4338 is
890 4286 1079 4348 called,
1114 4287 1173 4338 in
1206 4286 1320 4337 this
1430 4237 1645 4354 Eylnnd
1665 4286 1932 4338 brethren.
2424 4348 2439 4361 Ο

240 4356 367 4430 part
397 4352 457 4404 of
486 4353 583 4404 the
615 4357 863 4419 country,
898 4351 1005 4403 and
1036 4351 1319 4404 elsewhere
1496 4351 1522 4383 ²
1553 4351 1684 4403 This
1717 4351 2019 4403 concession
2051 4349 2159 4401 and
2181 4349 2306 4401 that
2334 4348 2512 4400 which

239 4433 299 4470 m
333 4417 430 4469 the
466 4418 648 4480 north,
684 4434 719 4469 a
759 4421 796 4446 ‘⁸
810 4417 1193 4479 water-heek,”
1224 4417 1323 4468 the
1434 4417 1641 4468 follows
1671 4417 1882 4483 require
1911 4415 2060 4468 little
2089 4415 2148 4466 in
2179 4416 2276 4466 the
2306 4429 2430 4480 way
2455 4413 2517 4465 of

243 4481 425 4548 object
462 4483 519 4538 oi
555 4483 733 4536 which
771 4484 821 4535 is
856 4489 916 4534 to
956 4487 1185 4549 prevent
1226 4482 1323 4534 the
1436 4488 1701 4534 comment
1715 4481 2020 4534 toenhanee
2031 4480 2175 4533 their
2187 4481 2516 4547 importance

241 4553 495 4615 trespaes,
516 4549 591 4616 by
612 4549 827 4616 passing
847 4549 1005 4615 along
1026 4549 1122 4602 the
1141 4548 1245 4599 bed
1266 4547 1324 4598 of
1436 4553 1495 4600 to
1518 4547 1800 4600 Rievaulx.

1353 4627 1407 4675 M
