3075 5009
532 498 655 560 192
1182 505 1660 570 caraman
1687 503 2154 564 mvnmsn

528 665 655 732 tati
695 664 1180 751 privilegiorum
1238 665 1548 730 Romanae
1603 661 1914 728 Ecclesiae
1967 661 2270 728 insistere
2326 667 2396 726 et
2451 660 2820 746 Religiosos

528 754 703 818 viros
732 773 1011 838 gravare,
1039 772 1220 836 quos,
1247 772 1365 836 pro
1392 751 1497 816 tui
1524 749 1720 815 officii
1753 749 1993 828 debito,
2020 748 2385 834 benigniori
2425 748 2772 814 confovere
2789 753 2820 794 ²

529 841 773 906 teneris
830 840 1087 916 affectu,
1130 846 1197 904 et
1254 845 1481 904 contra
1536 836 2040 922 malignantium
2080 838 2382 902 incursus
2423 835 2632 920 clipeo
2677 841 2818 900 tuse

530 927 947 1013 protectionis
990 925 1349 1002 defendere,
1376 945 1494 1010 per
1521 925 1754 990 iterata
1795 924 1922 990 tibi
1963 923 2338 1008 praescripta
2377 922 2822 1008 praecipiendo

532 1014 932 1091 mandamus,
955 1021 1022 1078 et
1042 1012 1410 1078 mandando
1430 1011 1860 1097 praecipimus,
1881 1011 2191 1095 quatinus
2219 1011 2561 1095 praedictos
2589 1009 2818 1074 Abba-

532 1109 665 1167 tem
685 1108 752 1166 et
769 1102 1001 1166 fratres
1018 1120 1212 1184 super
1228 1099 1495 1166 decimis
1511 1099 1803 1163 laborum
1824 1095 1890 1184 [1
1901 1095 2044 1184 63¹³]
2059 1118 2342 1174 suorum,
2355 1117 2516 1182 quos
2532 1096 2822 1182 propriis

532 1189 834 1254 manibus
873 1195 991 1252 aut
1040 1187 1407 1271 sumptibus
1450 1184 1776 1263 excolunt,
1803 1191 1920 1250 aut
1961 1185 2044 1250 de
2086 1205 2352 1250 suorum
2393 1184 2819 1248 nutrimentis

532 1275 935 1351 animalium,
962 1274 1337 1338 nullatenus
1364 1273 1447 1338 de
1485 1279 1716 1338 caetero
1751 1292 1998 1356 graves,
2019 1271 2128 1337 vel
2171 1272 2254 1337 ab
2295 1271 2536 1356 aliquo,
2579 1271 2820 1336 clerico

534 1370 650 1428 aut
693 1362 877 1440 laico,
927 1369 1058 1426 tuae
1096 1359 1568 1446 jurisdictionis
1625 1358 1878 1442 gravari
1933 1360 2292 1443 permittas,
2349 1365 2417 1424 et
2473 1357 2558 1424 de
2611 1357 2816 1423 male·

533 1449 885 1514 factoribus
942 1448 1099 1526 suis,
1154 1447 1596 1532 parrochianis
1653 1447 1807 1523 tuis,
1857 1465 2009 1510 cum
2059 1466 2283 1510 eorum
2341 1445 2820 1529 querimoniam

534 1537 862 1620 receperis,
883 1536 979 1600 ita
998 1535 1093 1599 eis
1120 1535 1383 1619 plenam
1412 1544 1479 1598 et
1500 1532 1928 1599 sufficientem
1947 1533 2274 1616 justitiam
2295 1532 2622 1610 exhibeas,
2637 1532 2821 1616 quod

535 1644 669 1687 non
698 1629 1026 1707 cogantur,
1054 1641 1172 1706 pro
1200 1620 1461 1686 defectu
1492 1620 1790 1704 justitiae,
1819 1621 2060 1685 totiens
2089 1619 2173 1684 ad
2199 1619 2596 1704 Apostolicae
2625 1619 2818 1684 Sedis

536 1711 919 1794 suffragium
947 1729 1291 1787 recurrere,
1318 1714 1387 1773 et
1414 1728 1604 1772 suam
1630 1713 1857 1772 contra
1883 1714 1952 1774 te
1981 1707 2453 1791 querimoniam
2477 1704 2816 1790 replicare.

537 1798 609 1864 Si
668 1797 860 1874 enim,
910 1795 1083 1878 quod
1140 1815 1275 1860 non
1321 1795 1662 1871 credimus,
1707 1801 2104 1879 praeceptum
2155 1801 2451 1859 nostrum
2501 1793 2625 1858 hac
2669 1794 2820 1858 vice

538 1885 751 1950 surdis
794 1883 1058 1948 auribus
1092 1882 1556 1966 pertransieris,
1596 1881 1904 1966 dignitati
1939 1887 2074 1946 tuae
2115 1888 2185 1946 et
2224 1882 2418 1946 famae
2458 1879 2822 1964 plurimum

538 1971 889 2054 derogabis,
919 1977 986 2034 et
1014 1989 1132 2034 nos
1160 1989 1419 2053 quoque
1448 1969 1660 2034 eidem
1691 1967 1935 2033 Abbati
1963 1974 2030 2032 et
2071 1968 2380 2034 fratribus
2417 1969 2490 2032 in
2517 1987 2637 2032 suo
2669 1968 2822 2050 jure

537 2058 912 2122 nullatenus
940 2056 1162 2122 deesse
1189 2057 1564 2140 poterimus,
1586 2055 1824 2139 quibus
1845 2055 2146 2139 cupimus
2167 2063 2444 2140 optentu
2463 2055 2826 2138 Religionis

538 2153 607 2210 et
664 2144 1045 2222 devotionis,
1102 2164 1232 2228 quo
1304 2143 1744 2228 praeeminent,
1800 2142 2144 2226 pastoralis
2215 2141 2678 2207 sollicitudinis
2753 2149 2824 2208 et

540 2232 935 2297 defensionis
964 2230 1451 2316 0p[p]0rtunum
1478 2229 1846 2294 subsidium
1873 2229 2262 2296 ministrare.

205 2435 517 2489 reponam-
630 2405 987 2472 CCLVIII.
1020 2420 1267 2470 ccxxn.
1298 2403 1670 2470 Alexander
1695 2453 1711 2473 .
1735 2452 1751 2470 .
1782 2453 1798 2470 .
1820 2403 2199 2468 Venerabili
2227 2403 2417 2468 fratri
2444 2401 2822 2491 H[ugoni]‚²

204 2489 287 2530 der
300 2486 492 2528 rebukes

208 2541 287 2581 the
304 2537 474 2587 Bishop

541 2493 879 2579 Episcopo,
910 2498 977 2556 et
1004 2492 1243 2556 dilecto
1272 2491 1425 2568 filio,
1456 2490 1666 2555 Priori
1695 2491 2000 2555 Dunelm.
2035 2541 2049 2556 .
2095 2539 2110 2555 .
2143 2539 2162 2564 .
2185 2491 2642 2575 Significatum
2660 2489 2690 2530 ⁸
2717 2500 2824 2556 est

208 2589 300 2631 and
314 2589 440 2630 Prior
456 2585 508 2628 0¹
542 2581 730 2645 nobis
776 2579 952 2664 quod
994 2600 1146 2644 cum
1188 2579 1373 2642 bonae
1422 2577 1752 2642 memoriae
1792 2576 2178 2662 A[i]redus],
2224 2577 2553 2662 quondam
2595 2579 2820 2642 Abbas

204 2640 405 2683 Durimn
422 2638 493 2680 foi·

207 2690 430 2732 extortion
446 2689 495 2729 in
544 2667 876 2744 Rievallis,
904 2667 1111 2744 vobis,
1136 2686 1253 2750 pro
1300 2665 1469 2730 bono
1511 2665 1709 2749 pacis,
1739 2663 1821 2730 de
1871 2664 2139 2730 decimis
2184 2664 2265 2730 de
2311 2665 2570 2730 Gotuna
2609 2685 2818 2750 quan-

206 2743 287 2784 the
304 2741 469 2782 matter

209 2792 346 2834 om„
356 2789 521 2832 muni
544 2755 696 2819 dam
751 2774 1075 2818 summam
1146 2751 1592 2817 constituisset
1647 2752 1986 2816 annuatim
2043 2751 2436 2829 solvendam,
2507 2772 2688 2817 nunc
2743 2752 2828 2816 ab

208 2841 487 2936 sarr

209 2903 427 2986 Rievaulex
448 2902 496 2984 gi

104 3016 115 3091 ⁵.
209 2995 467 3088 armi

208 3097 349 3138 tithan
365 3095 416 3138 ot

210 3147 385 3192 cotum.

140 3216 283 3264 &u

542 2841 803 2906 Abbate
854 2847 922 2905 et
967 2840 1275 2904 fratribus
1348 2839 1636 2922 ejusdem
1681 2838 1809 2902 loci
1868 2839 2045 2903 ultra
2083 2859 2280 2923 quam
2329 2839 2541 2904 fuerat
2583 2840 2826 2904 consti·

543 2935 762 2994 tutum
795 2926 1071 3012 exigitis,
1100 2933 1167 2992 et
1210 2946 1404 3010 super
1441 2926 1565 2990 hoc
1593 2926 1769 3010 ipsos
1797 2926 1973 2991 varie
2015 2926 2288 3010 fatigare
2331 2946 2465 2991 non
2492 2925 2828 2992 dubitatis.

547 3015 869 3088 Gaeterum
930 3014 988 3078 si
1044 3013 1465 3078 attenderetis
1525 3012 1846 3097 quomodo
1911 3013 2220 3078 fratribus
2287 3013 2828 3078 Cisterciensibus

546 3101 859 3168 beneficio
890 3100 1075 3185 [164]
1120 3099 1608 3184 privilegiorum
1652 3101 1960 3164 Romanae
1989 3099 2297 3167 Ecclesiae
2341 3101 2428 3164 sit
2469 3099 2828 3176 indultum,

547 3195 625 3254 ut
653 3187 734 3252 de
763 3189 1107 3266 laboribus,
1138 3207 1299 3272 quos
1327 3187 1602 3272 propriis
1629 3187 1932 3251 manibus
1959 3194 2074 3251 aut
2102 3188 2472 3271 sumptibus
2501 3186 2832 3262 excolunt,

548 3277 687 3341 sive
732 3274 812 3340 de
855 3295 1117 3339 suorum
1159 3275 1576 3339 nutrimentis
1619 3273 2019 3352 animalium,
2059 3275 2230 3338 nulli
2271 3281 2621 3340 teneantur
2661 3275 2834 3340 deci-

549 3383 689 3427 mas
734 3361 997 3440 solvere,
1026 3383 1158 3426 non
1202 3361 1415 3426 solum
1444 3360 1633 3446 [non]
1678 3361 1854 3426 ultra
1897 3361 2240 3446 exigeretis
2282 3381 2481 3446 quain
2510 3383 2632 3447 pro
2661 3362 2832 3426 bono

549 3449 729 3534 pacis
780 3449 909 3514 fuit
966 3455 1306 3525 statutum,
1361 3468 1591 3513 verum
1649 3448 1850 3513 etiam
1907 3448 1992 3512 ad
2049 3448 2270 3532 ipsum
2321 3469 2473 3512 cum
2523 3449 2736 3532 gratia
2766 3456 2832 3514 et

550 3537 951 3622 benignitate
978 3536 1363 3621 reciperetis.
1454 3535 1626 3614 Quia
1655 3555 1808 3600 vero
1851 3556 1982 3599 non
2012 3536 2199 3601 decet
2225 3555 2342 3600 vos
2371 3535 2832 3621 praedictorum

552 3625 825 3688 fratrum
855 3624 1115 3688 turbare
1146 3623 1355 3688 otium
1370 3621 1475 3687 vel
1499 3623 1804 3707 quietem,
1831 3643 1950 3707 per
1976 3623 2356 3708 Apostolica
2383 3622 2627 3707 scripta
2647 3623 2833 3687 vobis

552 3709 983 3798 praecipiendo
1012 3709 1415 3787 mandamus,
1442 3717 1509 3774 et
1553 3709 1920 3774 mandando
1949 3710 2378 3796 praecipimuS,
2408 3710 2724 3794 quatinus
2753 3710 2834 3775 de

553 3799 943 3882 praescriptis
1000 3797 1269 3862 decimis
1341 3797 1425 3861 ab
1484 3797 1713 3862 eodeni
1782 3796 2042 3863 Abbate
2101 3804 2169 3862 et
2241 3797 2554 3862 fratribus
2629 3797 2838 3862 nichil

552 3935 743 3987 render
766 3935 860 3986 the
872 3933 992 3986 first
1006 3935 1198 3996 clause,
1232 3933 1560 3984 “inasmueh
1580 3949 1642 3983 as
1817 3932 1840 3964 ¹
1873 3933 2160 3999 Confoven'.

554 4017 661 4068 5⁰¹¹
706 4001 843 4080 hffve
884 4000 1097 4051 r⁹f¹¹⁵⁶d
1130 4005 1201 4079 ,ω
1242 4000 1503 4050 Μωὶῃ
1546 3999 1640 4050 *⁸¹²⁰
1818 4022 1842 4056 ²
1873 4023 1987 4074 The
2019 4039 2174 4075 name
2205 4023 2304 4074 has
2333 4021 2470 4074 been
2501 4023 2724 4076 written
2755 4023 2832 4084 in,

555 4066 835 4132 authority
855 4065 913 4116 of
943 4065 1037 4117 the
1060 4065 1345 4131 privileges
1376 4063 1642 4115 conceded
1754 4088 1863 4140 and
1896 4089 2213 4140 afterwards
2255 4088 2456 4140 m
2537 4087 2702 4139 prom
2743 4089 2838 4140 the

556 4131 630 4198 by
653 4132 746 4182 the
767 4131 975 4182 Roman
997 4129 1151 4192 See,”
1170 4131 1302 4182 then
1323 4145 1465 4180 some
1486 4128 1643 4179 other
1755 4153 2042 4206 continued
2097 4154 2590 4220 contemporaneum
2632 4153 2692 4204 of
2747 4154 2841 4204 the

558 4196 705 4260 verb,
742 4196 873 4247 such
904 4213 964 4246 as
996 4211 1158 4247 ausus
1186 4211 1239 4246 es
1268 4210 1329 4245 or
1360 4210 1642 4259 prce-eump-

556 4265 683 4324 si'eti,
744 4265 889 4312 must
940 4261 1008 4311 be
1071 4259 1398 4311 understood
1460 4258 1643 4310 before
1755 4220 1906 4336 3:14ss0
1925 4235 2053 4336 a?
2067 4219 2740 4351 gsselfftezrfficegwmffi
2764 4219 2840 4334 ξιξ

556 4343 796 4394 ‘mm‘-
868 4326 925 4378 1¹⁵
956 4327 1003 4378 ⁵⁸
1034 4325 1231 4392 ⁰¹0⁸&
1259 4324 1563 4391 i¹⁵¹111²⁰¹⁸²¹fl³¹¹³
1585 4330 1644 4375 ω
1757 4349 1928 4401 doubt
1949 4349 2114 4400 about
2135 4349 2230 4402 tho
2260 4365 2414 4402 name
2447 4349 2571 4401 that
2591 4348 2838 4416 required

557 4391 743 4446 attach
764 4391 895 4443 such
917 4408 951 4442 a
970 4407 1121 4442 sense
1141 4396 1201 4442 to
1230 4397 1480 4455 qravatioe
1510 4405 1564 4440 es
1585 4405 1644 4440 as
1757 4420 1818 4468 to
1837 4415 1904 4466 be
1925 4415 2188 4481 ,applied-

558 4459 671 4510 will
712 4457 780 4507 be
822 4456 1165 4522 satisfactory
1197 4455 1332 4507 with
1372 4455 1507 4506 both
1552 4455 1645 4505 the

558 4523 716 4576 verbs
735 4525 962 4574 {miscere
981 4521 1089 4573 and
1108 4537 1348 4587 qravare.
1824 4517 1848 4551 ⁸
1877 4517 2199 4584 Sionifieata.
