3075 5009
1219 530 1568 579 Arrnnmx.
2414 518 2537 577 387

261 682 452 760 patrie
506 686 600 745 sui
659 694 802 747 ete:
863 686 947 747 Et
985 707 1196 749 versus
1251 686 1630 749 Willelmum
1670 686 1749 749 de
1790 686 1917 749 Roe
1956 685 2035 748 de
2089 685 2313 767 placito
2366 685 2533 766 quod

259 782 382 823 non
423 772 596 826 tenet
636 768 690 828 ei
733 769 916 828 finem
957 770 1120 830 inter
1159 770 1360 848 ipeum
1403 768 1722 845 Abbatem,
1767 777 2140 848 querentem,
2172 776 2237 829 et
2272 768 2531 828 eundem

262 843 652 919 willelmum,
693 849 1143 928 impedientem,
1183 850 1262 911 de
1290 869 1609 911 commune
1648 850 1938 930 herbagii,
1981 868 2266 931 peseonae,
2311 849 2533 909 buiecae

257 932 323 985 et
390 930 678 989 maeremii
745 931 808 990 in
867 931 1148 992 omnibus
1199 932 1394 993 boscis
1461 931 1651 1011 ipsius
1705 930 1998 993 Willelmi
2066 932 2131 991 in
2201 930 2535 991 Hamalene

256 1004 374 1147 fiet]
430 1008 709 1084 Pochele,
759 1013 1030 1091 exceptis
1083 1012 1322 1073 duobus
1377 1013 1572 1092 parcis
1626 1012 1693 1073 in
1748 1012 2053 1087 Hamelec,
2101 1019 2166 1072 et
2218 1012 2399 1073 bosco
2454 1010 2533 1073 de

307 1088 628 1163 locwude,1
667 1093 829 1153 unde
857 1093 1280 1173 cirographum
1309 1102 1420 1155 ete.
1507 1093 1591 1154 Et
1629 1093 1939 1155 Jordanue
1976 1114 2089 1154 nee
2124 1092 2229 1153 alii
2256 1092 2529 1154 veniunt.

253 1168 337 1229 Et
363 1172 712 1233 summoniti
733 1172 1044 1235 Jordanus
1071 1184 1136 1235 et
1155 1174 1476 1249 Robertue,
1509 1184 1642 1249 ete„
1667 1175 1833 1254 quod
1864 1175 1991 1236 sint
2018 1195 2055 1235 a
2082 1174 2181 1236 die
2204 1174 2261 1235 S.
2286 1173 2533 1235 Hillarii

252 1250 318 1311 in
345 1262 476 1314 tree
517 1255 884 1333 septimanas
913 1264 1024 1317 ete.
1111 1256 1194 1316 Et
1223 1255 1568 1316 Willelmus
1596 1256 1963 1317 attachiatus
2004 1256 2125 1317 fuit
2165 1275 2274 1336 per
2301 1254 2533 1316 Willel-

251 1352 422 1394 mum
469 1334 546 1395 ‹le
581 1334 803 1397 Wauce
845 1348 909 1397 et
949 1336 1244 1398 Thomam
1287 1336 1366 1397 de
1406 1336 1698 1417 Codenay
1726 1344 1838 1399 etc.
1926 1336 2073 1399 Ideo
2119 1344 2383 1417 ponatur
2424 1356 2536 1417 per

250 1414 438 1475 auxil.
471 1415 780 1495 placitum,
825 1417 990 1497 quod
1029 1419 1110 1479 eit
1150 1417 1230 1480 ad
1272 1418 1632 1497 praedictum
1668 1418 2000 1479 terminum
2029 1427 2139 1480 etc.
2226 1418 2310 1479 Et
2348 1418 2531 1497 primi

249 1504 363 1556 ete.

331 1685 426 1744 56.
475 1680 656 1765 [Feet
694 1686 758 1746 of
799 1685 996 1748 Fines,
1081 1686 1262 1747 Ebor.
1353 1688 1531 1747 16-19
1578 1684 1767 1747 Henr.
1814 1700 1909 1747 111.
1956 1684 2191 1770 [1234],
2236 1686 2353 1749 No,
2404 1685 2529 1772 20.]

247 1760 399 1824 Haee
441 1774 534 1824 est
575 1776 708 1841 eto„
740 1766 902 1846 apud
947 1766 1220 1842 Westm.,
1252 1786 1291 1827 a
1330 1765 1432 1828 die
1475 1766 1534 1829 S.
1582 1766 1830 1829 Hillarii
1866 1768 1930 1828 in
1973 1778 2097 1829 tres
2141 1770 2525 1849 septimanae,

247 1844 331 1904 A·
366 1865 412 1905 r.
465 1846 649 1925 Regis
699 1848 883 1909 Henr.
929 1862 1023 1909 111.
1071 1856 1285 1909 octavo
1332 1848 1586 1921 decimo,
1629 1848 1849 1911 Coram
1900 1848 2208 1910 Willelmo
2251 1851 2330 1911 de
2377 1850 2531 1926 Ral',

246 1924 483 1987 Thoma
535 1928 612 1989 de
673 1928 900 2004 Hulet.,
953 1928 1223 1990 Ruberto
1277 1928 1355 1990 de
1411 1928 1769 2004 Lexmtona,
1829 1929 2138 1992 Willelmo
2194 1930 2271 1992 de
2326 1930 2525 2008 Ebor.,

245 2007 515 2069 Radulfo
543 2009 620 2069 de
649 2008 930 2085 Norwic„
953 2010 1260 2071 Willelmo
1289 2010 1365 2071 de
1391 2010 1619 2086 Insula,
1650 2012 1791 2072 Ada
1810 2010 1937 2071 filio
1962 2011 2271 2085 willelmi,
2294 2022 2358 2073 et
2380 2012 2527 2073 Wil-

245 2088 427 2150 lelmo
476 2090 552 2151 de
609 2090 669 2152 S.
724 2090 1067 2165 Edmundo,
1116 2091 1356 2167 Justic„
1407 2100 1474 2153 et
1519 2092 1656 2153 aliie
1692 2139 1707 2155 .
1750 2140 1765 2154 .
1812 2139 1827 2155 .
1872 2092 2045 2154 Inter
2088 2093 2423 2154 Robertum
2468 2094 2527 2155 le

243 2168 442 2232 Bulur
481 2182 546 2233 et
585 2172 944 2248 Amabilem,
976 2193 1229 2234 uxorem
1269 2172 1416 2251 ejus,
1457 2181 1755 2253 petenteS,
1788 2193 1897 2252 per
1943 2174 2145 2254 ipsum
2186 2174 2523 2235 Robertum

243 2254 514 2331 posit-um
585 2253 716 2315 loco
769 2255 962 2335 ipsius
1009 2253 1308 2315 Amabilis
1363 2253 1442 2315 ad
1499 2252 1860 2324 lucrandum
1900 2298 1916 2317 .
1962 2301 1979 2317 .
2022 2302 2039 2317 .
2087 2264 2151 2314 et
2196 2254 2521 2335 Rogerum,

242 2332 548 2395 Abbatem
603 2334 680 2396 de
737 2336 990 2409 Rivulle,
1048 2344 1380 2411 tenentem,
1420 2354 1533 2414 per
1580 2334 1864 2408 Aletium,
1909 2335 2275 2396 monachum
2326 2356 2522 2414 auum,

241 2416 511 2493 positum
553 2462 567 2476 .
613 2462 628 2477 .
677 2462 693 2479 .
740 2417 817 2477 de
845 2418 1029 2477 tertia
1056 2426 1227 2496 parte
1255 2416 1363 2477 xvi
1389 2436 1663 2477 aerarum
1691 2424 1884 2490 terrae,
1930 2462 1945 2478 .
1991 2463 2005 2478 .
2053 2463 2067 2478 .
2110 2417 2174 2477 in
2204 2416 2523 2494 Hadilton,

240 2506 306 2557 et
333 2496 410 2556 de
439 2498 624 2557 tertia.
651 2508 823 2577 parte
851 2497 1061 2560 decem
1089 2508 1152 2557 et
1179 2508 1415 2577 septem
1441 2518 1719 2558 acramm
1745 2496 1911 2559 bosci
1939 2505 2003 2558 et
2028 2498 2219 2558 trium
2247 2518 2521 2561 aerarum

238 2579 473 2652 asserti,
519 2625 534 2645 .
581 2626 594 2638 .
641 2625 657 2639 .
704 2581 768 2639 in
798 2579 1132 2653 Hardene,²
1157 2597 1306 2657 quae
1336 2580 1550 2639 tertiae
1578 2586 1783 2658 partes
1820 2578 2098 2657 praedieti
2132 2579 2431 2641 Robertua
2459 2590 2523 2642 et

237 2659 542 2719 Amabilis
585 2660 926 2722 clamabant
969 2658 1091 2801 [oq
1140 2660 1562 2737 rationabilem
1610 2659 1817 2721 dotem
1866 2660 2057 2739 ipsius
2096 2660 2397 2722 Amabilie
2443 2661 2522 2724 de

237 2738 432 2801 libero
473 2754 820 2802 tenemento
864 2740 1028 2821 quod
1093 2741 1188 2801 uit
1225 2740 1530 2803 «Iohannis
1573 2740 1649 2803 de
1688 2740 2029 2819 Caeteleya,
2059 2743 2367 2821 quondam
2405 2742 2521 2804 viri

237 2822 432 2901 ipsius
459 2822 776 2895 AmabiliS,
807 2823 872 2883 in
903 2822 1209 2901 praedictis
1236 2821 1422 2897 locis;
1463 2830 1528 2882 et
1556 2821 1719 2884 unde
1748 2821 2039 2903 placitum
2082 2824 2203 2884 iuit
2230 2824 2391 2883 inter
2418 2843 2521 2885 eos

233 2902 304 2963 in
346 2904 558 2963 eadem
589 2902 1002 2978 Curia—scil„
1034 2902 1199 2983 quod
1241 2903 1516 2983 praedicti
1558 2903 1865 2965 Robertus
1902 2912 1966 2965 et
2006 2904 2306 2965 Amabilis
2344 2904 2521 2967 remi-

235 2996 451 3045 serunt
473 2994 536 3045 et
553 2986 828 3063 quietum
849 2984 1265 3046 clamaverunt
1291 2984 1370 3045 de
1389 3003 1455 3046 ee
1478 2984 1676 3047 eidem
1696 2984 1925 3047 Abbati
1967 3032 1982 3048 .
2028 3033 2043 3048 .
2090 3034 2105 3048 .
2154 2994 2219 3047 et
2239 2984 2519 3047 Eccleeiae

235 3085 362 3126 euae
390 3066 467 3127 de
496 3066 732 3127 Rivalle
761 3075 960 3127 totum
1009 3066 1110 3145 jue
1152 3076 1216 3126 et
1243 3065 1522 3127 clamium
1552 3066 1718 3146 quod
1746 3066 2091 3129 habuerunt
2120 3068 2184 3127 in
2212 3066 2519 3147 praedictis

235 3147 438 3207 tertiis
487 3148 760 3225 partibus
807 3195 822 3208 .
875 3196 892 3209 .
938 3194 952 3209 .
1007 3148 1253 3207 nomine
1297 3147 1478 3223 dotia,
1530 3148 1993 3227 imperpetuum.
2101 3148 2184 3209 Et
2236 3168 2350 3228 pro
2404 3148 2518 3211 hae

231 3228 608 3301 remissione,
639 3240 778 3303 etc„
803 3228 965 3290 idem
993 3228 1202 3289 Abbae
1229 3226 1404 3290 dedit
1429 3228 1737 3308 praedictis
1765 3228 2034 3292 Roberto
2062 3238 2127 3291 et
2152 3230 2421 3293 Amabili
2450 3230 2516 3293 xl

231 3310 459 3371 solidos
489 3309 930 3390 sterlingorum.

315 3502 410 3560 57.
459 3496 636 3580 [Feet
675 3496 739 3559 of
781 3496 976 3559 Fines.
1063 3497 1240 3559 Ebor.
1331 3500 1509 3559 16-19
1554 3496 1741 3559 Henr.
1788 3512 1885 3559 111.
1932 3496 2165 3582 [1234],
2208 3498 2324 3561 No.
2390 3498 2514 3583 19.]

230 3578 382 3640 Haec
423 3589 517 3640 est
558 3592 690 3654 etc„
736 3580 898 3658 apud
941 3578 1299 3654 Weetmon„
1345 3598 1384 3639 a
1425 3578 1525 3640 die
1566 3578 1814 3641 Paschoe
1854 3580 1918 3640 in
1957 3588 2082 3641 tree
2123 3581 2507 3659 septimanae,

227 3662 315 3722 A·
342 3682 386 3721 r.
419 3660 604 3741 Regis
633 3661 824 3722 Henr.
870 3675 962 3721 111.
1011 3670 1224 3722 octavo
1272 3660 1522 3735 decimo,
1563 3680 1763 3721 eoram
1808 3658 1899 3743 [aa
1939 3662 2005 3721 in
2052 3662 2163 3721 last
2206 3661 2509 3738 document,

226 3742 466 3803 Thoma
518 3742 596 3803 de
666 3742 861 3803 Hulet
914 3742 1044 3820 only
1104 3744 1262 3803 amin
1430 3741 1605 3803 Inter
1670 3741 1995 3821 Rogemm,
2065 3741 2371 3804 Abbatem
2432 3743 2511 3806 de

227 3824 484 3895 Rivalle,
509 3832 882 3903 querentem,
915 3844 1025 3903 per
1049 3823 1302 3884 fratrem
1407 3844 1611 3898 anum,
1632 3823 1993 3884 monachum
2020 3843 2211 3898 suam,
2243 3824 2508 3904 positum

227 3954 241 3967 .
296 3951 311 3966 .
359 3952 373 3966 .
424 3916 488 3966 et
511 3906 854 3967 dordunum
887 3906 1160 3982 ilayrun,
1193 3906 1643 3985 impedientem,
1674 3906 1753 3967 de
1792 3905 1855 3965 iv
1882 3906 2121 3967 bovatie
2158 3914 2223 3966 et
2263 3906 2329 3967 ix
2356 3906 2509 3967 acris

225 3994 408 4048 terrae
451 4034 462 4047 .
511 4034 525 4049 .
569 4034 582 4047 .
631 3987 694 4046 in
723 3986 1065 4067 Thimelby,
1097 3995 1163 4047 et
1190 3986 1266 4047 de
1294 4005 1618 4047 eommuna
1644 3994 1909 4065 pasturae
1937 3986 2015 4047 ad
2044 3988 2335 4047 ducentas
2364 4007 2508 4050 oves

224 4068 292 4129 in
311 4068 522 4129 eadem
540 4067 700 4131 villa,
728 4067 890 4128 unde
909 4068 1200 4147 placitum
1221 4068 1526 4129 wat-antiae
1548 4080 1729 4129 cartae
1745 4068 2179 4129 summonitum
2210 4069 2331 4129 fuit
2348 4070 2509 4131 inter

225 4170 330 4211 eos
379 4151 440 4211 in
491 4149 703 4209 eadem
752 4149 1164 4223 Curia—scil„
1214 4148 1378 4228 quod
1429 4150 1754 4229 praedictus
1801 4148 2111 4210 Jordanus
2154 4150 2507 4229 recognovit

225 4240 420 4292 totam
453 4232 800 4310 praedictam
841 4242 1064 4291 terram
1116 4277 1130 4291 .
1177 4276 1192 4291 .
1245 4276 1262 4291 .
1309 4239 1565 4309 excepto
1609 4232 1790 4293 bosco
1831 4230 1910 4291 de
1956 4228 2367 4309 Hayckedale,
2399 4232 2506 4311 qui

226 4314 492 4393 pertinet
536 4311 612 4372 ad
655 4313 972 4391 praedictas
1021 4313 1083 4372 iv
1111 4312 1366 4373 bovatae
1414 4320 1609 4387 terrae,
1640 4319 1705 4372 et
1751 4312 1855 4391 qui
1898 4310 2097 4371 eidem
2123 4310 2399 4373 Jordano
2442 4322 2505 4374 et

222 4394 566 4455 haeredibus
595 4396 720 4454 suis
747 4401 1020 4454 remanet
1046 4394 1268 4473 quiete,
1299 4412 1429 4453 esee
1462 4393 1564 4472 jue
1601 4392 1789 4472 ipsius
1816 4392 2076 4454 Abbatis
2117 4400 2182 4453 et
2224 4392 2503 4455 Ecclesiae

421 4538 442 4571 ¹
475 4540 716 4591 VVritten
739 4539 1047 4591 oncwinde.
1695 4538 1717 4570 ⁸
1748 4538 1989 4591 Written
2012 4538 2301 4591 Hartdene.
