3075 5009
928 535 1407 588 ommim
1432 533 1900 586 muman.
2430 522 2462 584 1
2475 519 2552 586 79

286 715 363 762 se
406 694 903 773 constituerunt,
929 701 999 762 et
1040 695 1125 760 ab
1160 693 1321 760 hinc
1359 714 1588 760 versus
1631 693 1946 758 orientem
1989 692 2206 778 ipsum
2235 693 2552 759 fossatum

286 787 394 848 est
424 781 637 848 divisa
662 783 835 848 inter
864 801 991 860 eos,
1020 787 1090 847 et
1116 782 1201 847 ab
1230 801 1307 847 eo
1334 781 1479 847 loco
1520 781 1640 845 ubi
1674 787 1866 846 metae
1899 800 2123 846 eorum
2161 781 2441 846 veniunt
2467 779 2553 846 ad

288 869 675 954 praedictum
702 871 1037 947 fossatum,
1064 869 1237 935 sicut
1272 875 1448 934 recta
1482 868 1662 933 linea
1704 866 1857 934 duci
1894 873 2110 953 potest
2137 867 2220 932 ad
2261 873 2551 932 montem

290 957 686 1043 Setheberge
714 978 799 1022 ex
826 962 1009 1042 parte
1038 955 1355 1032 orientali,
1384 954 1744 1022 remanebit
1773 953 2108 1020 monachis
2139 953 2552 1031 Bellelandae,

289 1052 359 1110 et
401 1063 485 1110 ex
526 1050 713 1130 parte
754 1043 1141 1110 occidentali
1183 1043 1517 1109 monachis
1563 1041 1897 1119 Rievallis,
1926 1048 2198 1125 excepto
2241 1040 2419 1125 quod
2453 1047 2548 1105 to·

284 1139 438 1196 tum
493 1131 765 1217 planum
823 1130 1097 1196 Erdenoe
1146 1131 1340 1215 juxta
1396 1129 1783 1215 pmdictum
1827 1129 2142 1194 fossatum
2189 1127 2552 1194 remanebit

287 1217 627 1284 monachis
655 1218 1189 1285 Rievallensibus,
1280 1217 1485 1284 Plane
1512 1218 1688 1283 inter
1728 1217 1960 1282 fratres
2003 1215 2086 1281 de
2128 1213 2508 1280 Lauescales
2525 1214 2548 1254 ¹

284 1312 361 1371 et
386 1305 471 1370 de
500 1305 887 1383 Bildesdala,
918 1311 985 1370 et
1012 1307 1243 1370 fratres
1272 1305 1354 1371 de
1398 1304 1830 1390 Singleswath
1872 1303 1998 1369 erit
2041 1301 2254 1368 divisa
2279 1301 2397 1366 illa
2441 1301 2550 1366 via

284 1412 420 1478 qua
448 1393 587 1458 itur
629 1393 711 1458 de
752 1392 1027 1458 Halmbi
1069 1391 1155 1457 ad
1184 1391 1636 1457 Clivelandam
1669 1389 1986 1475 quamdiu
2027 1389 2222 1454 durat
2247 1395 2421 1455 terra
2466 1388 2548 1453 de

288 1479 581 1545 Halmbi.
672 1481 858 1546 Inter
893 1481 1218 1544 favercam
1274 1478 1470 1562 plane
1510 1477 1976 1543 monachorum
2018 1475 2548 1554 Rievallensium,

287 1586 491 1650 quam
532 1566 779 1632 habent
826 1567 899 1630 in
957 1565 1296 1643 Sitlintun,
1341 1571 1409 1630 et
1451 1565 1776 1630 favercam
1831 1564 2296 1630 monachorum
2346 1563 2552 1628 Belle-

286 1653 505 1718 landae
545 1674 745 1738 quam
790 1653 1037 1718 habent
1084 1653 1157 1718 in
1202 1652 1608 1730 Emmesleie,
1637 1652 1792 1717 talis
1833 1651 2068 1716 divisio
2111 1657 2214 1716 est
2255 1656 2350 1727 ut,
2393 1649 2552 1730 scil„

292 1739 821 1806 Bellelandenses
849 1740 1135 1805 habeant
1161 1739 1520 1805 necessaria
1553 1738 1838 1806 ferrariis
1865 1738 2246 1816 suis—scil„
2273 1736 2552 1804 minaria

286 1834 359 1892 et
386 1829 691 1893 carbones
719 1827 793 1892 in
819 1827 925 1892 his
954 1846 1071 1892 sex
1099 1826 1275 1891 villis
1308 1833 1377 1892 et
1418 1827 1606 1892 silvis
1649 1825 2094 1891 earum—scil.
2139 1824 2547 1902 Emmesleia

288 1915 633 1991 Brectuna,
656 1914 1019 1979 Sitlintuna
1036 1913 1345 1998 Philippi,
1360 1914 1638 1991 Denebi,
1665 1911 2124 1990 Brerethuisel,
2152 1910 2549 1988 Thornehil,²

285 2008 357 2066 et
384 2001 618 2067 fratres
646 2000 1089 2067 Rievallenses
1132 2000 1417 2066 habeant
1454 2000 1816 2066 necessaria
1857 2001 1996 2064 suis
2038 1999 2546 2065 ferrariis—-scil,

284 2088 567 2153 minaria
608 2095 677 2153 et
725 2089 1051 2166 carbones,
1104 2087 1178 2151 in
1235 2087 1339 2152 his
1396 2089 1612 2153 tribus
1650 2085 1990 2151 villis—in
2047 2086 2302 2151 duabus
2349 2085 2546 2151 videl.

282 2175 687 2254 Sitlintunis,
714 2195 863 2259 quae
890 2181 1049 2240 sunt
1085 2175 1171 2240 de
1212 2174 1407 2239 feudo
1450 2174 1616 2239 Adae
1657 2173 1781 2237 filii
1808 2173 1989 2238 Petri
2017 2181 2086 2238 et
2127 2173 2400 2237 Matheei
2428 2172 2550 2237 filii

282 2263 465 2339 Saxi,
493 2269 563 2328 et
599 2263 673 2326 in
700 2261 1013 2327 Floctona
1040 2269 1109 2328 et
1134 2261 1208 2325 in
1236 2261 1612 2346 Threpwda.
1703 2258 1891 2344 [150]
1937 2259 2105 2324 Cum
2147 2264 2367 2325 autem
2409 2259 2550 2323 haec

280 2349 635 2414 conventio
692 2348 993 2434 pluribus
1051 2347 1242 2412 annis
1300 2348 1383 2412 ab
1434 2355 1716 2432 utroque
1769 2348 1842 2410 in
1893 2345 2122 2410 multis
2171 2352 2549 2411 conservata

286 2435 539 2513 fuisset,
566 2437 659 2500 A⁰
686 2437 770 2501 ab
801 2435 1254 2501 Incarnatione
1295 2434 1570 2500 Domini
1611 2433 1716 2498 Μο
1744 2441 1810 2498 c⁰
1835 2433 2025 2509 1:01⁰,a
2069 2452 2154 2497 ne
2195 2437 2552 2515 tepesceret

274 2522 520 2588 caritas
548 2527 782 2588 mutua
808 2523 1043 2588 iterato
1072 2521 1383 2606 replicata
1410 2527 1479 2586 et
1506 2518 1808 2607 are[t]ius
1837 2525 1940 2584 est
1965 2518 2280 2594 roborata,
2309 2517 2550 2583 additis

276 2609 679 2696 quibusdam
722 2629 870 2694 quae
911 2609 985 2672 in
1028 2609 1241 2692 priore
1282 2608 1714 2673 conventione
1755 2626 1887 2672 non
1931 2605 2446 2683 continebantur,
2481 2612 2550 2670 et

281 2697 409 2762 hoc
454 2695 1057 2780 praecipue—Quod
1098 2714 1323 2760 omnes
1366 2693 1664 2779 querelae,
1691 2713 1840 2777 quae
1881 2693 2053 2758 inter
2079 2712 2190 2758 eos
2234 2691 2550 2758 hactenus

277 2791 489 2862 erant,
516 2783 747 2866 sopitae
773 2789 933 2848 sunt
958 2784 1042 2848 ab
1069 2782 1195 2847 hac
1222 2781 1329 2847 die
1355 2782 1429 2846 in
1470 2787 1820 2867 posterum,
1849 2781 1944 2846 ita
1985 2787 2064 2845 ut
2105 2780 2188 2846 de
2229 2779 2325 2845 eis
2367 2778 2552 2845 nulia

280 2871 401 2936 fiat
444 2871 691 2936 mentio
733 2871 807 2934 in
856 2876 1172 2936 aeternum
1221 2889 1337 2955 pro
1386 2868 1620 2954 quavis
1669 2868 2002 2934 occasione
2047 2887 2196 2952 quae
2243 2866 2552 2952 deinceps

282 2959 456 3024 inter
483 2977 591 3023 eos
621 2976 941 3044 emergere
963 2957 1219 3043 poterit.
1306 2957 1397 3022 Et
1423 2956 1811 3022 nominatim
1833 2975 1916 3020 ex
1945 2965 2128 3039 parte
2157 2953 2549 3020 Bellelandae

278 3045 554 3110 remissa
582 3052 686 3110 est
728 3045 1105 3130 calumpnia
1131 3063 1325 3129 super
1369 3043 1624 3109 duabus
1668 3043 1924 3108 bovatis
1969 3048 2156 3107 terrae
2187 3041 2262 3106 in
2302 3041 2550 3108 Welle·

281 3131 509 3209 burna,
554 3139 623 3198 et
664 3132 751 3198 de
793 3132 1341 3216 Oswaldesengas,
1386 3138 1456 3197 et
1497 3130 1582 3196 de
1629 3131 1872 3196 fossato
1916 3129 2094 3213 quod
2135 3129 2435 3194 fecerunt
2474 3129 2548 3192 in

277 3226 458 3283 terra
517 3219 889 3285 Staintunae
945 3219 1032 3284 ad
1089 3218 1535 3285 deducendam
1609 3217 1818 3294 Riam,
1875 3223 1945 3282 et
1991 3217 2076 3282 de
2147 3215 2416 3281 ferrario
2473 3215 2548 3280 in

276 3306 641 3372 Staintuna
667 3313 736 3372 et
763 3307 1101 3384 Floctuna,
1132 3313 1201 3372 et
1228 3306 1311 3370 de
1337 3311 1537 3391 ponte
1565 3305 1886 3388 laqueato,
1915 3308 1984 3370 et
2025 3303 2108 3368 de
2141 3305 2252 3368 via
2280 3324 2321 3369 a
2345 3308 2548 3388 ponte

281 3413 399 3478 per
449 3395 739 3458 medium
798 3395 1067 3460 boscum
1123 3413 1349 3458 versus
1410 3391 1874 3477 Beghlandam.
1990 3390 2094 3455 Ex
2151 3395 2336 3476 parte
2393 3411 2546 3456 vero

282 3479 797 3546 Rievallensium
854 3480 1124 3546 remissa
1185 3487 1286 3546 est
1344 3479 1718 3564 calumpnia
1766 3478 1852 3544 de
1892 3478 2224 3543 communi
2280 3485 2548 3563 pastura

282 3567 653 3632 Mortuniae.
744 3567 873 3632 Hae
900 3567 1179 3652 querelae
1212 3573 1281 3632 et
1323 3587 1548 3632 omnes
1591 3566 1738 3630 aliae
1781 3566 2010 3650 sopitae
2054 3572 2227 3642 sunt,
2257 3571 2334 3630 ut
2377 3565 2548 3629 dixi-

280 3674 449 3731 mus,
493 3662 563 3719 et
602 3655 867 3740 penitus
913 3653 1226 3720 oblivioni
1268 3653 1544 3731 traditae,
1587 3660 1667 3718 ut
1711 3673 2052 3737 nunquam
2093 3653 2167 3716 in
2215 3657 2546 3738 posterum

279 3747 675 3806 revocentur
731 3741 805 3806 in
862 3741 1049 3806 litem
1105 3762 1223 3826 pro
1282 3741 1577 3826 quolibet
1633 3747 1876 3805 eventu
1931 3739 2050 3824 qui
2106 3739 2200 3804 eis
2258 3739 2546 3805 accidere

276 3828 539 3912 poterit.
658 3828 827 3894 Sane
876 3829 951 3906 si,
997 3849 1037 3894 a
1088 3829 1194 3894 die
1245 3848 1375 3914 quo
1424 3828 1566 3893 haec
1625 3827 1986 3892 Conventio
2043 3833 2350 3892 renovata
2400 3826 2546 3904 fuit,

278 3914 729 3981 Rievallenses
758 3923 825 3981 et
856 3915 1381 3981 BeHelandenses
1401 3914 1775 3980 molendina
1793 3914 1899 3978 vel
1929 3919 2158 4000 stagna
2177 3913 2285 3978 vel
2313 3920 2546 3999 pontes

278 4002 557 4068 fecerint
612 4022 807 4087 super
866 4002 1075 4080 Riam,
1124 4003 1225 4068 ita
1278 4002 1523 4067 facient
1579 4007 1658 4066 ut
1708 4007 2012 4086 stagnum
2082 4021 2220 4066 non
2276 3999 2548 4066 excedat

280 4089 569 4167 modum,
590 4089 705 4154 sed
734 4089 1062 4156 sufficiens
1091 4089 1181 4155 sit
1202 4088 1285 4153 ad
1304 4087 1768 4155 molendinum.
1859 4087 2174 4154 Similiter
2203 4095 2272 4153 et
2296 4093 2546 4173 pontes,

280 4175 499 4262 [149b]
534 4181 610 4241 ut
638 4177 966 4241 sufficiant
994 4175 1079 4241 ad
1106 4176 1592 4243 transeundum.
1682 4175 1875 4254 Quod
1905 4176 1962 4241 si
2003 4176 2077 4239 in
2105 4174 2325 4259 aliquo
2354 4174 2545 4240 modo

272 4263 677 4329 excesserint
719 4263 831 4328 vel
872 4271 1103 4346 stagna
1142 4263 1249 4328 vel
1314 4269 1566 4348 pontes,
1623 4271 1743 4328 aut
1785 4283 1868 4329 ex
1933 4261 2082 4328 aliis
2142 4260 2546 4346 quibuslibet

342 4423 365 4456 ¹
397 4423 539 4476 Now
559 4423 767 4476 Iaekill
786 4429 1049 4491 penteres.
1470 4422 1666 4475 named
1697 4423 1754 4474 in
1787 4423 2102 4475 connection
2133 4423 2266 4474 with
2300 4423 2548 4489 previous

340 4489 366 4522 ⁸
396 4489 491 4540 An
517 4489 697 4556 places
729 4490 787 4540 in
818 4490 915 4540 the
948 4489 1105 4540 West
1136 4488 1303 4540 Ridin
1340 4524 1355 4549 ,
1472 4489 1800 4540 documenta.

266 4555 385 4606 and
414 4570 563 4606 some
594 4555 651 4608 oi
683 4555 833 4607 them
866 4555 1085 4622 already
1106 4555 1303 4622 special
1322 4569 1359 4620 y
1537 4554 1561 4587 ⁸
1593 4555 1723 4605 This
1744 4553 1869 4604 date
1890 4557 2036 4604 must
2056 4553 2122 4603 be
2145 4551 2321 4604 noted.
