3075 5009
551 489 680 549 386
1211 498 1687 548 GARTULARIUM
1715 498 2181 547 manumiss.

630 656 780 719 Dies
821 656 1005 717 datus
1035 663 1130 718 est
1156 656 1244 717 eis
1271 676 1309 716 a
1348 654 1450 716 die
1478 653 1727 716 Paschae
1775 654 1841 715 in
1883 660 2009 715 tres
2045 652 2433 732 septimanae,
2465 673 2644 733 prece
2688 664 2849 733 part-

547 739 717 800 ium:
772 738 856 799 Et
905 738 969 799 in
1015 737 1230 798 eodem
1278 744 1446 799 statu
1494 736 1561 797 in
1653 755 1733 798 uo
1781 755 1977 797 nunc:
2034 736 2121 796 Et
2156 735 2366 796 Abbas
2414 744 2739 796 remaneat
2782 737 2847 795 in

550 819 764 881 eadem
791 820 1014 881 seisina
1039 818 1104 880 in
1133 837 1258 898 qua
1283 838 1461 893 nunc,
1493 826 1561 879 et
1667 816 1932 878 illelmus
1960 815 2255 878 similiter.

631 978 728 1037 54.
777 972 962 1057 [Add.
996 974 1174 1035 MSS.
1248 973 1363 1035 No.
1404 975 1651 1047 12,269:
1693 973 1795 1033 Br.
1820 972 2133 1035 Museum:
2173 973 2217 1034 f.
2248 974 2381 1034 108.
2456 971 2608 1033 Hiu.
2640 972 2843 1033 Ter-m.

557 1059 630 1119 17
661 1056 851 1117 Henr.
886 1071 976 1117 111.
1012 1055 1199 1137 [1233
1234 1053 1277 1137 .]
1360 1054 1669 1116 Robertus
1695 1054 1775 1115 de
1801 1053 2151 1133 Sproxtona
2176 1054 2587 1115 summonitus
2616 1053 2745 1115 fuit
2768 1054 2849 1114 ad

550 1137 1069 1199 warantizandum
1095 1136 1198 1197 Ab
1241 1136 1328 1196 ati
1355 1135 1432 1197 de
1460 1135 1841 1197 Rievallibus
1867 1136 1992 1197 xcii
2016 1156 2185 1195 acras
2212 1144 2407 1207 terrae,
2438 1141 2506 1195 et
2530 1144 2849 1213 pasturam

552 1218 632 1280 ad
657 1240 790 1279 xxx
819 1238 1045 1293 vaccas,
1077 1238 1215 1278 cum
1243 1236 1365 1278 uno
1407 1228 1603 1292 taum,
1636 1226 1701 1277 et
1735 1216 1912 1277 xlviii
1944 1216 2129 1277 boves
2156 1226 2221 1277 et
2246 1216 2313 1276 xl
2341 1236 2503 1290 oves,
2534 1236 2675 1277 cum
2720 1237 2851 1296 per-

554 1300 850 1373 tinenciis,
883 1300 948 1360 in
975 1300 1340 1378 sproxtona,
1366 1318 1502 1377 quoe
1530 1305 1719 1371 tenet,
1750 1306 1814 1359 ct
1840 1298 1919 1359 de
1946 1318 2019 1359 eo
2047 1306 2254 1358 tenere
2282 1296 2507 1358 clamat
2532 1321 2545 1357 :
2589 1306 2656 1358 et
2682 1298 2849 1359 unde

553 1390 783 1443 cartam
813 1380 1099 1459 Symonis
1139 1380 1218 1440 de
1258 1379 1621 1458 sproxtona,
1654 1379 1937 1439 avunculi
1964 1379 2075 1451 sui,
2109 1379 2283 1459 cujus
2323 1378 2517 1439 haeres
2556 1379 2690 1457 ipse
2734 1387 2847 1453 est,

554 1462 740 1525 habet
767 1471 878 1522 etc.
899 1486 915 1536 ;
955 1470 1020 1521 et
1038 1460 1182 1522 inde
1202 1462 1480 1540 queritur
1500 1460 1666 1539 quod
1688 1480 1829 1521 cum
1849 1470 2161 1539 pasturam
2180 1459 2349 1521 illam
2371 1460 2597 1521 habere
2624 1460 2851 1521 debeat

553 1564 664 1625 per
691 1552 918 1604 cartam
959 1542 1142 1617 illam,
1189 1550 1253 1603 et
1279 1562 1416 1604 cum
1455 1542 1623 1603 idem
1664 1541 1970 1603 Robertus
2008 1561 2134 1602 non
2171 1542 2363 1621 possit
2402 1540 2607 1601 aliena
2646 1542 2851 1603 averia

554 1628 620 1687 in
676 1635 986 1705 pasturam
1029 1624 1195 1685 illam
1235 1622 1814 1703 recolligere—scil„
1859 1622 2175 1685 hominum
2215 1622 2465 1683 alterius
2508 1622 2850 1703 Religionis

559 1756 571 1767 .
619 1752 634 1767 .
681 1754 696 1768 .
742 1704 1174 1785 propterquod
1193 1724 1577 1766 communam
1598 1724 1769 1765 suam
1797 1704 2020 1765 habere
2048 1724 2171 1765 non
2198 1712 2418 1783 potest.
2503 1703 2671 1765 Item
2698 1704 2851 1765 dicit

556 1786 719 1867 quod
761 1807 897 1849 cum
929 1796 1237 1864 pasturam
1278 1785 1445 1846 illam
1487 1785 1712 1846 habere
1754 1784 1975 1846 debeat
2014 1805 2125 1865 per
2151 1793 2347 1846 totam
2387 1792 2619 1845 terram
2658 1786 2853 1865 ipsius

557 1869 813 1930 Roberti
868 1868 1112 1946 ubique,
1163 1867 1327 1928 idem
1381 1866 1690 1928 Robertus
1743 1886 1869 1927 non
1918 1867 2222 1947 permittit
2268 1885 2411 1928 eum
2458 1886 2849 1927 communam

555 1948 778 2011 habere
819 1949 884 2008 in
925 1949 1105 2009 bosco
1145 1967 1257 2009 suo
1300 1948 1406 2027 qui
1435 1957 1687 2008 vocatur
1728 1946 2033 2023 Ostekow‚
2062 1968 2176 2008 nec
2216 1947 2507 2009 hussbote
2548 1968 2663 2008 nec
2705 1948 2851 2028 hay-

557 2032 716 2105 bote,
750 2038 999 2112 propter
1027 2028 1191 2107 quod
1231 2028 1637 2090 deterioratus
1670 2037 1779 2103 est,
1821 2038 1885 2090 et
1925 2028 2259 2109 dampnum
2298 2029 2485 2090 habet
2526 2028 2606 2090 ad
2650 2030 2857 2091 valen-

555 2112 707 2172 tiam
749 2132 780 2171 c
809 2109 1160 2185 solidorum,
1190 2120 1254 2171 et
1294 2110 1438 2171 inde
1477 2110 1763 2189 producit
1800 2120 2044 2171 sectam.
2130 2109 2213 2170 Et
2238 2110 2547 2172 Robertus
2573 2112 2752 2171 venit
2792 2120 2855 2173 et

557 2192 846 2273 cognovit
887 2200 1132 2265 cartam,
1162 2200 1228 2251 et
1267 2192 1324 2251 ei
1351 2192 1711 2251 warantizat
1749 2192 2084 2252 secundum
2112 2191 2278 2271 quod
2316 2194 2383 2252 in
2412 2199 2581 2252 carta
2620 2193 2853 2253 contin·

558 2272 924 2347 etur—scil„
969 2284 1282 2353 pasturam
1324 2272 1404 2333 ad
1444 2293 1577 2332 xxx
1611 2292 1821 2333 vaccas
1861 2292 2000 2333 cum
2039 2293 2166 2334 uno
2206 2282 2401 2347 tauro,
2446 2280 2511 2333 et
2552 2272 2632 2333 ad
2677 2273 2852 2335 xlviii

557 2356 762 2429 boves,
795 2363 859 2415 et
895 2354 974 2414 ad
1001 2354 1407 2435 quadraginta
1433 2372 1594 2429 oves,
1628 2360 1693 2415 et
1732 2356 1918 2415 etiam
1947 2354 2297 2435 praedictam
2340 2363 2567 2415 terram
2592 2376 2610 2429 3
2652 2363 2751 2416 set
2773 2356 2851 2416 de

559 2438 674 2498 hoc
701 2434 868 2515 quod
898 2435 1048 2495 dicit
1076 2434 1294 2518 [quod]
1322 2435 1584 2496 attrahit
1610 2443 1675 2497 et
1700 2435 2000 2515 recolligit
2025 2436 2229 2497 averia
2254 2436 2511 2497 aliorum
2534 2435 2853 2497 hominum

561 2518 813 2579 alterius
869 2515 1222 2596 Religionis,
1283 2515 1433 2577 dicit
1486 2517 1652 2595 quod
1708 2516 1877 2577 nulla
1934 2516 2190 2577 attrahit
2242 2537 2355 2578 nec
2411 2517 2732 2596 recolligit,
2791 2526 2853 2579 et

560 2599 816 2678 paenitet
856 2617 998 2659 eum
1045 2598 1209 2677 quod
1259 2596 1464 2677 aliqua
1506 2596 1828 2659 recollecta
1870 2605 2016 2659 sunt
2041 2598 2170 2675 ibi;
2211 2604 2273 2659 et
2318 2597 2471 2660 dicit
2513 2600 2683 2676 quod
2730 2620 2851 2659 non

562 2687 709 2741 sunt
757 2700 866 2759 per
907 2699 1044 2740 eum
1089 2677 1421 2751 recollecta,
1467 2686 1563 2739 set
1605 2699 1713 2758 per
1756 2679 2064 2758 quandam
2090 2680 2393 2758 Agnetem
2435 2680 2511 2740 de
2553 2679 2851 2755 Norbam,

562 2781 696 2841 qnae
738 2769 964 2821 terram
1005 2760 1256 2821 liberam
1302 2768 1474 2821 tenet
1514 2760 1583 2821 in
1626 2760 1837 2821 eadem
1881 2760 2063 2821 villa:
2109 2770 2173 2821 et
2211 2760 2289 2821 de
2333 2761 2449 2821 hoc
2492 2761 2661 2839 quod
2703 2762 2857 2823 dicit

563 2842 728 2922 quod
771 2862 1153 2903 communam
1198 2842 1262 2901 in
1311 2841 1600 2920 praedicto
1640 2842 1821 2902 bosco
1862 2842 2022 2903 sicut
2062 2841 2227 2903 idem
2265 2842 2570 2903 Robertus
2612 2840 2857 2926 [habet]

563 2923 796 2985 nullam
825 2924 910 2983 ibi
941 2923 1162 2983 habere
1189 2922 1388 2996 debet,
1419 2942 1533 2983 nec
1576 2942 1845 3001 unquam
1874 2923 2093 2985 habuit
2132 2943 2243 2999 per
2268 2932 2498 2983 cartam
2539 2924 2752 3000 illam;
2792 2936 2857 2986 et

562 3004 709 3066 inde
745 3004 922 3083 ponit
949 3024 1012 3065 se
1040 3024 1220 3082 super
1247 3004 1547 3083 patriam3
1588 3012 1653 3064 et
1677 3003 1843 3083 quod
1864 3004 2089 3079 Abbas,
2114 3024 2224 3082 per
2250 3011 2627 3066 attornatum
2658 3026 2856 3079 suum,

565 3086 874 3165 cognoscit
913 3084 1078 3164 quod
1119 3086 1323 3145 averia
1349 3086 1667 3146 hominum
1702 3086 2142 3165 Religiosorum
2184 3104 2307 3146 non
2350 3095 2497 3146 sunt
2534 3086 2857 3147 recollecta

567 3187 676 3247 per
721 3167 922 3245 ipsum
971 3166 1326 3239 Robertum,
1383 3167 1571 3227 immo
1626 3186 1737 3246 per
1788 3167 1983 3245 ipsam
2036 3168 2359 3247 Agnetem,
2406 3167 2859 3228 consideratum

565 3254 661 3309 est
686 3247 852 3325 quod
882 3246 1185 3308 Robertus
1210 3248 1354 3309 inde
1383 3248 1626 3326 quietus
1656 3256 1720 3309 et
1743 3247 1953 3310 Abbas
1978 3249 2043 3309 in
2070 3247 2507 3309 misericordia:
2536 3260 2602 3309 et
2628 3249 2858 3323 Abbas,

566 3348 678 3408 per
716 3337 1093 3410 attornatum
1135 3348 1326 3403 suum,
1358 3328 1511 3389 dicit
1552 3328 1717 3408 quod
1753 3329 1841 3390 ibi
1882 3348 2265 3391 communam
2297 3329 2519 3391 habere
2561 3329 2767 3407 debet,
2798 3340 2864 3392 et

567 3411 728 3491 petit
767 3410 1066 3490 judicium
1107 3409 1344 3471 desicut
1382 3411 1608 3489 ubique
1650 3410 1818 3471 illam
1844 3410 2067 3471 habere
2096 3410 2296 3486 debet,
2326 3420 2391 3471 et
2414 3412 2633 3471 boscus
2660 3412 2767 3474 ille
2792 3414 2859 3473 in

569 3500 739 3554 carta
785 3512 908 3552 non
952 3492 1296 3570 excipitur;
1337 3499 1400 3552 et
1440 3491 1595 3553 dicit
1636 3492 1802 3570 quod
1844 3492 1969 3553 fuit
2007 3493 2072 3553 in
2118 3493 2339 3553 seisina
2377 3492 2457 3554 de
2498 3502 2755 3573 pastura
2794 3494 2859 3554 in

571 3573 785 3636 eodem
811 3574 1008 3648 boson,
1041 3580 1104 3633 et
1130 3571 1208 3633 de
1236 3574 1538 3635 estoverio
1564 3573 1644 3633 ad
1671 3573 1933 3636 husbote
1960 3580 2025 3636 et
2050 3573 2333 3653 haybote.

656 3738 750 3797 55.
826 3732 1113 3815 [Charter
1167 3733 1342 3795 Rolls
1413 3737 1488 3797 17
1551 3734 1743 3797 Henr.
1802 3751 1895 3797 111.
1959 3734 2194 3819 [1232],
2252 3734 2368 3797 Nc.
2432 3738 2528 3809 29,
2587 3757 2667 3798 m.
2736 3740 2853 3799 18⁸.

572 3816 668 3879 De
721 3835 809 3877 xv
861 3815 1075 3878 diebus
1130 3814 1190 3876 S.
1250 3814 1556 3899 Martini]
1638 3817 1815 3880 Ebor.
1922 3818 2131 3879 Abbas
2186 3817 2265 3877 de
2320 3817 2692 3892 Revallibus,
2753 3838 2863 3897 per

572 3905 952 3959 attornatum
1007 3916 1202 3971 suum,
1247 3897 1474 3975 optulit
1521 3917 1587 3958 se
1636 3899 1767 3959 iiiiw
1820 3898 1920 3960 die
1963 3918 2177 3960 versus
2223 3898 2268 3959 J
2268 3899 2569 3960 ordanum
2619 3899 2859 3961 Herum

573 3980 651 4041 de
691 3978 917 4059 placito
958 3978 1124 4056 quod
1167 3979 1592 4040 warantizaret
1633 3980 1689 4041 ei
1738 3980 1871 4040 iiii*
1896 3980 2149 4042 bovatas
2190 3986 2386 4055 ter-rw,
2433 3990 2497 4042 et
2545 3994 2857 4059 pasturam

575 4060 654 4123 ad
700 4060 994 4122 ducentas
1041 4079 1200 4131 oves,
1245 4080 1384 4120 cum
1429 4061 1837 4139 pertinenciis,
1870 4062 1933 4121 in
1974 4060 2337 4144 Time[l]sbi,
2382 4082 2519 4141 quae
2561 4071 2753 4131 tenet,
2796 4071 2861 4122 et

572 4143 651 4205 de
721 4161 793 4203 co
855 4152 1064 4202 tenere
1123 4140 1359 4217 clamat,
1419 4148 1484 4202 et
1544 4142 1709 4204 unde
1763 4151 1993 4203 cartam
2054 4162 2226 4203 suam
2295 4152 2437 4203 etc:
2506 4142 2594 4203 Et
2648 4164 2859 4205 versus

575 4224 912 4286 Robertum
952 4222 1250 4301 Engeram
1270 4224 1293 4262 ¹
1331 4222 1408 4283 de
1445 4222 1671 4303 placito
1710 4224 1875 4303 quod
1917 4225 2339 4285 warantizaret
2378 4224 2435 4285 ei
2476 4225 2631 4284 xxxi
2674 4244 2856 4298 aci-ae,

574 4313 639 4366 et
709 4314 1018 4384 pasturam
1087 4303 1166 4365 ad
1235 4304 1604 4384 quingentas
1673 4325 1835 4377 oves,
1908 4326 2047 4367 cum
2118 4306 2529 4385 pertinenciis,
2610 4306 2675 4365 in
2748 4305 2859 4366 Est

577 4387 942 4449 Heslertona
990 4404 1142 4466 quas
1191 4392 1364 4447 tenet
1406 4393 1470 4447 et
1517 4386 1596 4447 de
1641 4406 1730 4460 eo,
1783 4394 1919 4461 etc„
1963 4396 2029 4449 et
2081 4388 2246 4449 undo
2292 4396 2521 4448 cartam
2564 4385 2857 4449 Willelmi

1420 4503 1443 4536 ²
1476 4505 1716 4557 written
1740 4505 1998 4569 Enq’lum.
