3075 5009
588 484 713 542 304
1242 494 1714 544 GARTULARIUM
1745 495 2210 544 RIEVALLENSE.

582 652 1047 730 Rochesberke,
1089 657 1157 718 et
1200 652 1273 716 lx
1320 653 1391 717 in
1424 653 1866 738 -longitudine,
1919 661 1986 718 et
2032 653 2112 718 de
2160 653 2412 719 duabus
2460 655 2630 720 acris
2677 657 2874 739 prati,

582 761 733 804 cum
790 739 1227 824 pertinenciis,
1286 740 1367 805 de
1427 741 1621 805 feudo
1680 738 1819 826 [de]
1879 741 2176 805 Edestun
2226 742 2422 825 juxta
2477 742 2726 807 divisas
2785 744 2872 807 (16

582 827 876 893 Edestun
911 835 979 892 et
1021 827 1103 891 (16
1142 827 1592 892 Rochesburc:
1638 828 2136 893 concessionem
2178 879 2192 893 .
2241 879 2254 892 .
2301 877 2316 893 .
2362 849 2526 912 quas
2555 829 2756 913 Hugo
2787 831 2872 896 de

580 914 783 979 Thuit
810 964 826 981 .
856 964 872 980 .
902 965 917 980 .
949 914 1107 978 fecit
1128 914 1270 978 Deo
1301 965 1315 978 .
1348 964 1363 979 .
1394 965 1409 979 .
1440 915 1523 979 (16
1553 915 1804 979 duabus
1823 915 1988 980 66116
2017 921 2221 998 prate,
2250 935 2400 980 cum
2431 917 2873 999 pertinenciis,

575 1001 769 1084 juxta
820 1001 1063 1066 divisas
1116 1001 1196 1066 de
1246 1001 1543 1066 Edestun
1595 1011 1662 1066 et
1709 1002 1791 1066 de
1837 1002 2316 1086 Rochesberge:
2367 1003 2872 1068 concessionem

580 1089 846 1172 insuper
874 1109 1070 1172 quam
1116 1089 1491 1154 Willelmus
1535 1089 1618 1154 de
1646 1088 1864 1173 Vescy
1903 1137 1920 1154 .
1956 1138 1973 1153 .
2013 1139 2028 1154 .
2069 1090 2226 1154 fecit
2255 1089 2502 1154 Abbati
2531 1097 2600 1154 et
2641 1111 2874 1156 mona·

580 1175 719 1239 chis
748 1176 1075 1260 praedictis
1120 1175 1203 1240 (16
1232 1183 1421 1260 prato
1466 1174 1550 1240 de
1593 1175 2114 1241 Edeuemerske:
2161 1177 2661 1242 concessionem
2709 1228 2724 1242 .
2774 1229 2788 1242 .
2847 1229 2862 1242 .

580 1283 743 1346 quas
771 1262 1145 1327 Willelmus
1174 1262 1255 1326 (16
1287 1263 1419 1326 Ros
1448 1262 1529 1326 de
1565 1262 1943 1348 Η611116616γ
1997 1313 2012 1328 .
2061 1311 2076 1328 .
2131 1312 2146 1327 .
2201 1263 2358 1327 fecit
2383 1265 2528 1328 Deo
2573 1315 2590 1331 .
2643 1314 2658 1329 .
2715 1315 2730 1328 .
2785 1265 2871 1330 de

578 1349 781 1413 libero
825 1349 1110 1414 chimino
1154 1370 1269 1434 per
1311 1350 1600 1414 medium
1645 1350 1910 1414 boscum
1954 1351 2072 1434 qui
2114 1356 2385 1414 vocatur
2435 1351 2872 1418 Scourekelde

578 1457 773 1520 super
798 1437 1138 1520 antiquam
1166 1437 1343 1501 viam
1372 1457 1504 1520 qua
1544 1437 1680 1501 itur
1709 1437 1790 1501 de
1822 1435 2202 1520 Helmesley
2229 1437 2406 1520 apud
2451 1437 2800 1514 Rievalles,
2830 1460 2872 1503 a

578 1523 866 1588 cornerio
922 1524 1105 1588 illius
1164 1523 1435 1588 culturae
1494 1543 1642 1606 quae
1676 1530 1944 1588 vocatur
1980 1523 2627 1589 Rikemundecroftes
2657 1545 2870 1609 usque

578 1609 662 1674 ad
706 1617 946 1674 terram
1004 1610 1323 1675 dictorum
1372 1610 1652 1675 Abbatis
1699 1618 1764 1674 et
1815 1610 2279 1676 monachorum
2329 1611 2412 1675 de
2459 1612 2665 1676 Griffe
2719 1633 2872 1695 quae

578 1702 845 1761 vocatur
884 1697 1253 1774 Tillestona,
1294 1703 1362 1762 et
1404 1697 1475 1761 in
1518 1697 1870 1762 latitudine
1905 1698 2277 1762 continente
2317 1698 2588 1782 triginta
2631 1699 2833 1782 pedes
2853 1725 2872 1764 τ

576 1783 1031 1861 1)0116110116111,
1062 1834 1076 1848 .
1110 1835 1125 1849 .
1156 1835 1169 1848 .
1202 1805 1364 1868 quas
1394 1784 1716 1849 Robertus
1747 1784 1828 1849 de
1858 1785 2009 1860 Ros,
2038 1784 2214 1848 filius
2243 1783 2558 1849 Everardi
2602 1785 2682 1850 de
2713 1786 2870 1863 Ros,

576 1921 591 1936 .
622 1921 637 1935 .
674 1921 688 1936 .
718 1871 875 1936 fecit
903 1872 1045 1935 Deo
1073 1921 1087 1934 .
1120 1921 1134 1936 .
1167 1920 1183 1937 .
1211 1871 1294 1935 (16
1324 1871 1441 1936 1110
1484 1871 1626 1936 1060
1669 1871 1742 1934 111
1787 1871 2306 1955 Ricolvegraines
2338 1871 2422 1936 ad
2452 1873 2765 1938 carbones
2795 1883 2870 1938 et

576 1958 981 2022 carbonarios
1010 1978 1178 2034 suos,
1208 1979 1403 2042 quem
1430 1965 1786 2023 tenuerunt
1813 1968 2103 2043 tempore
2131 1959 2442 2023 Everardi
2481 1961 2686 2044 patris
2717 1961 2821 2024 sui
2851 1985 2868 2025 ε

578 2045 1069 2110 concessionem
1098 2046 1312 2121 etiam,
1336 2045 1769 2122 donationem,
1791 2045 2249 2121 remissionem,
2265 2046 2556 2130 quietam
2577 2046 2870 2111 claman-

576 2133 745 2197 ciam
796 2141 863 2197 et
912 2133 1463 2197 confirmationem
1514 2153 1676 2216 quas
1723 2132 2044 2197 Robertus
2088 2132 2170 2196 de
2221 2133 2368 2210 Ros,
2412 2133 2738 2199 Dominus
2783 2135 2866 2200 de

578 2219 955 2298 Haumelac‚
987 2269 1002 2284 .
1034 2269 1047 2282 .
1080 2269 1095 2284 .
1127 2219 1285 2282 fecit
1335 2219 1477 2284 Deo
1515 2269 1529 2282 .
1571 2269 1587 2284 .
1625 2271 1640 2284 .
1682 2219 1762 2284 de
1801 2219 2103 2282 omnibus
2153 2219 2544 2284 tenementis
2591 2221 2732 2285 suis
2783 2222 2868 2286 de

576 2307 821 2391 Magna
850 2313 916 2370 et
946 2307 1157 2370 Parva
1200 2306 1610 2390 Reydisdale‚
1640 2312 1707 2370 61
1738 2306 1818 2370 (16
1848 2305 2135 2370 Η11111161
2178 2314 2246 2370 61
2287 2306 2864 2392 Kirkeslech[t]es‚

577 2414 727 2457 cum
754 2393 1191 2477 pertinenciis,
1220 2400 1289 2458 et
1318 2393 1399 2458 de
1427 2394 1730 2457 omnibus
1761 2394 1947 2457 terris
1977 2413 2052 2456 66
2069 2395 2457 2458 tenementis
2478 2393 2562 2458 de
2581 2395 2866 2480 Grangia

575 2501 695 2544 sua
736 2480 819 2546 de
862 2482 1184 2556 Neutona,
1236 2501 1385 2544 cum
1436 2481 1738 2544 omnibus
1789 2479 2207 2563 pertinenciis
2259 2481 2411 2556 suis,
2465 2480 2546 2546 de
2591 2481 2865 2565 quibus-

574 2587 833 2651 cunque
879 2568 1125 2632 fuerint
1167 2567 1586 2631 donatoribus
1646 2587 1762 2631 seu
1813 2566 2258 2631 venditoribus
2285 2589 2302 2632 ε
2365 2567 2863 2634 concessionem

574 2654 858 2739 insuper,
880 2656 1169 2739 quietam
1192 2654 1614 2719 clamanciam
1645 2660 1712 2718 et
1741 2654 2290 2718 confirmationem
2319 2675 2479 2738 quas
2501 2655 2570 2718 N
2569 2655 2866 2720 icholaus

575 2741 655 2805 (16
688 2743 1007 2807 Stutevile
1059 2793 1073 2807 .
1126 2792 1140 2806 .
1194 2789 1208 2805 .
1259 2742 1415 2805 fecit
1442 2741 1587 2804 Deo
1635 2791 1649 2804 .
1703 2791 1718 2806 .
1773 2791 1787 2806 .
1835 2741 1915 2805 de
1946 2748 2087 2805 tota
2129 2748 2315 2819 terra,
2344 2763 2496 2806 cum
2537 2742 2752 2819 hosce,
2781 2765 2865 2807 ex

574 2828 876 2893 orientali
932 2829 1104 2912 parti
1150 2828 1231 2892 de
1282 2826 1665 2905 Roddover,1
1709 2849 1860 2892 cum
1903 2829 2336 2911 pertinenciis,
2381 2849 2496 2912 per
2539 2837 2750 2893 metas
2799 2838 2868 2895 et

574 2915 814 2980 divisas
844 2917 915 2979 in
938 2916 1161 2980 eodem
1191 2916 1429 2999 scripto
1460 2921 1834 2981 contentas:
1877 2915 2314 2980 Donationem
2343 2965 2359 2981 .
2389 2966 2404 2980 .
2437 2965 2451 2980 .
2484 2935 2649 3000 quas
2679 2916 2862 2982 9116-

573 3002 794 3067 bertus
822 3002 902 3067 de
934 3005 1167 3079 G-aunt,
1215 3002 1385 3066 filius
1430 3001 1700 3066 Roberti
1729 3002 1810 3067 de
1857 3001 2098 3078 Gaunt,
2127 3051 2142 3068 .
2173 3052 2186 3066 .
2220 3053 2233 3065 .
2266 3001 2420 3066 fecit
2463 3003 2606 3068 Deo
2637 3054 2652 3067 .
2687 3054 2700 3068 .
2737 3055 2752 3070 .
2781 3005 2866 3068 de

572 3096 713 3155 tota
739 3097 1004 3173 pastura
1032 3089 1113 3153 de
1143 3088 1501 3166 Sualedale,
1530 3109 1681 3153 cum
1712 3089 2146 3173 pertinenciis,
2177 3089 2348 3153 infra
2375 3099 2584 3154 certas
2615 3090 2864 3156 divisas

572 3177 644 3240 in
672 3176 896 3242 eadem
928 3184 1101 3241 carta
1131 3184 1487 3253 contentas,
1516 3183 1654 3240 tam
1683 3175 1754 3239 in
1783 3177 1975 3240 bosco
2003 3196 2203 3260 quam
2231 3177 2304 3240 in
2331 3176 2545 3261 plan0,
2575 3178 2864 3242 tenenda

572 3265 1066 3348 imperpetuum,
1117 3271 1187 3328 et
1238 3263 1320 3328 (16
1370 3262 1668 3328 habendo
1717 3263 1812 3326 ibi
1861 3283 2092 3346 pecora
2143 3283 2259 3328 sua
2310 3271 2472 3347 quot
2522 3271 2590 3327 et
2641 3264 2866 3348 qualia

571 3350 916 3428 voluerint,
945 3358 1013 3416 et
1042 3351 1299 3434 quando
1330 3357 1398 3415 et
1424 3350 1542 3414 ubi
1570 3350 1913 3426 voluerint,
1943 3356 2010 3414 et
2039 3349 2246 3414 faldas
2277 3355 2345 3414 et
2382 3349 2584 3434 logias
2611 3353 2862 3435 pecori·

572 3439 693 3503 bus
725 3439 877 3515 suis,
906 3445 975 3503 et
1002 3459 1193 3502 canes
1223 3445 1291 3502 et
1318 3457 1578 3513 cornua,
1608 3444 1676 3502 et
1706 3437 1786 3502 de
1815 3436 2112 3501 faciendo
2142 3436 2366 3501 fenum
2398 3445 2466 3502 et
2497 3437 2864 3502 claudendo

570 3532 759 3610 prata
786 3535 971 3591 extra
998 3525 1256 3590 easdem
1286 3524 1546 3602 (11111666,
1578 3523 1692 3589 ubi
1735 3530 1802 3589 et
1828 3529 2151 3607 quantum
2179 3525 2273 3589 eis
2316 3523 2650 3608 placuerit,
2682 3535 2752 3589 et
2781 3525 2862 3590 (16

571 3613 869 3678 habendo
897 3613 992 3677 ibi
1018 3612 1243 3676 domos
1288 3611 1594 3676 fratribus
1638 3618 1704 3676 et
1750 3611 2178 3676 servientibus
2209 3617 2276 3676 et
2320 3611 2660 3695 pecoribus
2705 3614 2862 3688 suis,

571 3707 639 3765 et
668 3709 883 3765 ortum
912 3708 981 3765 et
1000 3700 1364 3764 clausuram
1392 3697 1840 3774 sufficientem,
1862 3705 1930 3762 et
1953 3697 2032 3761 de
2055 3697 2367 3782 capiendo
2388 3698 2590 3763 libere
2611 3699 2861 3783 ubique

571 3788 652 3852 de
694 3789 887 3852 bosco
929 3787 1135 3871 ipsius
1179 3786 1516 3862 Gileberti,
1561 3785 1732 3849 infra
1776 3784 2115 3868 praedictas
2160 3785 2421 3862 divisas,
2459 3785 2864 3851 sufficienter

570 3875 787 3939 omnia
816 3873 1173 3940 necessaria
1200 3873 1284 3938 ad
1313 3874 1537 3937 domos
1567 3880 1635 3938 et
1663 3891 1846 3956 sepes
1875 3877 1944 3934 et
1985 3872 2162 3936 focos
2191 3879 2260 3937 et
2299 3871 2508 3936 faldas
2538 3880 2606 3937 et
2633 3872 2861 3956 logias,

571 3969 638 4028 et
666 3969 897 4027 caetera
924 3961 1305 4026 aisiamenta
1332 3981 1453 4025 sua
1478 3960 1552 4023 in
1582 3959 1806 4024 eadem
1835 3959 2090 4035 foresta,
2121 3967 2190 4024 et
2219 3959 2298 4024 de
2325 3960 2522 4024 ramis
2551 3959 2860 4024 arborum

570 4049 933 4115 incidendis
962 4048 1300 4132 pecoribus
1330 4047 1466 4112 suis
1494 4047 1577 4111 ad
1607 4046 2018 4130 pascendum,
2037 4055 2105 4111 et
2127 4046 2208 4112 (16
2229 4046 2472 4112 111611ᾱο
2491 4067 2609 4131 per
2637 4049 2862 4112 omnia

570 4137 879 4222 praedicta
920 4142 1188 4219 pastura
1230 4135 1400 4200 sicut
1430 4133 1773 4211 voluerint,
1802 4140 1872 4198 et
1900 4134 1981 4198 de
2025 4134 2337 4218 capiendo
2381 4134 2571 4218 lupos
2615 4135 2860 4218 quibus

570 4225 780 4291 modis
808 4223 1155 4309 potuerint,
1186 4229 1252 4287 et
1281 4222 1363 4287 de
1403 4220 1606 4288 libere
1635 4221 1929 4286 ducendo
1961 4228 2028 4286 et
2071 4221 2434 4286 reducendo
2477 4241 2710 4306 pecora
2739 4241 2861 4287 sua

570 4313 653 4378 ad
696 4311 1070 4397 praedictam
1115 4316 1443 4394 pasturam
1487 4329 1604 4394 per
1646 4327 1868 4373 omnes
1911 4313 2116 4373 terras
2158 4309 2364 4393 ipsius
2408 4307 2748 4384 Gileberti,
2793 4315 2862 4374 et

570 4399 898 4466 haeredum
927 4417 1209 4474 suorum,
1227 4398 1513 4480 exceptis
1553 4396 1880 4480 segetibus
1909 4401 1978 4460 et
2006 4395 2408 4479 pratis—Ita
2425 4394 2601 4479 quod
2629 4395 2860 4461 nullus

1170 4507 1189 4541 ²
1222 4507 1469 4568 Redover,
1496 4505 1736 4571 Redosm
1755 4504 1812 4557 in
1836 4505 1992 4558 other
2014 4505 2269 4557 char-tera.
