3075 5009
864 544 1341 596 cmuumuu
1370 543 1834 594 mansuer.
2367 531 2490 592 105

306 701 605 768 CXLV'.
672 702 993 768 Omnibus
1034 753 1051 770 .
1098 753 1113 768 .
1156 753 1173 768 .
1220 701 1542 780 Thomas,¹
1587 702 1809 768 Abbas
1855 701 1936 767 de
1993 699 2302 778 Rievalle,
2347 749 2363 765 .
2407 749 2426 766 .
2472 748 2489 766 .
2515 710 2692 752 Pom-¹

220 789 285 852 N
284 790 549 854 overitis
578 810 699 866 me,
722 810 837 874 per
864 809 1197 855 assensum
1228 790 1431 855 totius
1462 790 1839 855 Conventus
1867 797 1934 854 et
1957 787 2244 873 Capituli
2267 787 2490 864 nostri,
2513 761 2818 914 ἓξέἑοοιῖἷέζ

216 875 482 953 dedisse,
526 879 931 952 concessisse,
972 885 1043 942 et
1084 877 1207 941 hac
1250 877 1554 961 praesenti
1599 885 1778 942 carta
1820 883 2042 941 nostra
2083 875 2492 940 confirmasse
2515 914 2680 965 gom„
2697 915 2748 954 ο,

212 963 495 1028 Domino
553 963 839 1030 Hem-ico
910 963 973 1030 le
1046 963 1327 1048 Sex-ope,²
1390 963 1616 1040 Militi,
1687 963 1815 1029 tria
1879 963 2225 1063 mesnagis,
2291 981 2492 1064 unam
2513 963 2804 1057 ffissffiffin

214 1050 535 1126 bovatam,
558 1059 627 1115 et
646 1051 1073 1136 quadraginta
1094 1071 1273 1116 acras
1302 1059 1506 1127 terrae,
1528 1051 1800 1135 triginta
1829 1071 2007 1115 acras
2035 1055 2225 1134 prati,
2253 1048 2490 1132 viginta
2515 1066 2723 1116 Βοιιω-ιιγ

213 1145 277 1201 et
336 1158 537 1202 unam
594 1158 810 1202 acram
868 1138 1061 1215 bosci,
1106 1159 1255 1203 cum
1298 1139 1736 1222 pertinenciis,
1786 1139 1858 1202 in
1909 1137 2030 1201 Est
2081 1135 2368 1202 Boulton
2417 1136 2488 1200 in
2512 1117 2736 1218 ξξζὶὶἑὲ.
2759 1167 2830 1208 10,-

210 1223 811 1309 Wandeslaghdale,
856 1232 925 1290 et
980 1245 1187 1290 unum
1244 1225 1647 1310 mesuagium
1691 1231 1759 1290 et
1803 1225 2043 1310 viginti,
2079 1243 2259 1288 acras
2302 1223 2490 1308 prati,
2512 1217 2789 1310 gghggffi

210 1331 360 1375 cum
404 1311 839 1395 pertinenciis,
882 1313 954 1376 in
1000 1311 1339 1397 Bellerby3
1394 1320 1461 1378 et
1504 1313 1564 1376 si
1607 1310 1756 1396 plus
1808 1311 2153 1376 habuimus
2196 1309 2268 1374 in
2311 1307 2489 1374 villis
2512 1330 2572 1361 011
2588 1319 2710 1362 1⁸0⁸·-

210 1398 553 1482 praedictis,
598 1398 895 1463 dedimus
954 1399 1014 1464 ei
1066 1407 1279 1463 totum
1338 1399 1918 1484 superplusagium‚
1977 1397 2130 1476 scil„
2175 1395 2487 1482 quicquid

208 1483 557 1550 habuimus
586 1485 659 1550 in
690 1485 867 1551 villis
896 1485 1239 1570 praedictis,
1270 1487 1409 1552 sine
1454 1485 1591 1551 ullo
1635 1485 2080 1552 retinemento,
2168 1483 2488 1549 Dedimus

207 1573 403 1636 etiam
452 1623 467 1637 .
513 1622 528 1637 .
572 1621 589 1639 .
636 1573 848 1637 eidem
875 1573 1158 1637 Domino
1188 1572 1475 1638 Henrico
1504 1581 1710 1638 totam
1755 1592 2166 1638 communam
2207 1578 2489 1656 pasturae

205 1679 405 1742 quam
446 1657 793 1724 habuimus
820 1660 892 1723 in
936 1659 1095 1724 villa
1120 1665 1187 1724 et
1214 1659 1535 1724 territorio
1580 1660 1660 1724 de
1705 1659 2027 1744 Bellerby,
2057 1678 2172 1742 per
2211 1656 2490 1743 speciale

204 1747 471 1822 factum,
500 1746 583 1811 ad
612 1753 860 1812 certum
890 1747 997 1811 vel
1024 1747 1347 1811 incertum
1374 1767 1720 1811 numerum
1744 1745 2106 1831 aliquorum
2128 1745 2490 1810 averiorum

204 1853 321 1914 seu
350 1832 752 1910 animalium,
780 1833 875 1898 ita
902 1833 1165 1918 plenius·
1204 1843 1271 1898 et
1297 1833 1681 1918 generaliter
1723 1835 1896 1899 sicut
1937 1852 2082 1899 eam
2123 1831 2490 1910 habuimus,

208 1919 532 1985 Habenda
560 1927 627 1984 et
656 1921 955 1998 tenenda,
982 1923 1200 1986 omnia
1228 1920 1535 2006 praedicta
1563 1929 1766 2000 terras
1809 1929 1878 1986 et
1919 1925 2308 1994 tenementa,
2337 1940 2488 1984 cum

204 2007 343 2070 suis
390 2007 828 2090 pertinenciis,
872 2007 1070 2072 simul
1120 2029 1271 2072 cum
1322 2027 1668 2072 communa
1716 2017 1996 2094 pasturae
2041 2007 2114 2072 in
2165 2005 2489 2090 Bellerby,

203 2093 515 2177 praedicto
566 2094 849 2158 Domino
902 2095 1204 2172 Henrico,
1264 2094 1628 2160 haeredibus
1687 2103 1754 2160 et
1811 2093 2154 2179 assignatis
2211 2093 2348 2158 suis
2405 2093 2488 2159 de

204 2180 610 2264 Capitalibus
640 2180 943 2246 Dominis
974 2181 1144 2246 feodi
1172 2201 1288 2266 per
1314 2181 1581 2247 servitia
1625 2181 1778 2246 inde
1807 2181 2028 2246 debita
2070 2188 2138 2246 et
2181 2186 2490 2246 consueta

201 2316 217 2332 .
262 2317 278 2332 .
324 2315 344 2331 .
388 2269 459 2331 in
492 2269 886 2332 escambium
915 2289 1032 2353 pro
1062 2290 1193 2334 uno
1222 2269 1569 2353 mesuagio,
1601 2277 1746 2334 octo
1774 2269 1976 2345 tostis,
2005 2287 2139 2332 una
2181 2267 2488 2345 bercaria,

203 2361 271 2419 et
316 2353 809 2438 quatuordecim
852 2355 1103 2420 bovatis
1153 2353 1385 2433 terrae,⁸
1427 2375 1579 2420 cum
1623 2355 2057 2440 pertinenciis,
2100 2355 2172 2418 in
2217 2354 2378 2418 villa
2420 2359 2488 2419 et

202 2441 529 2506 territorio
559 2440 640 2506 de
670 2441 966 2506 Neusum
996 2463 1189 2527 super
1216 2443 1393 2521 Tese,
1423 2442 1819 2527 Episcopatu
1863 2441 2310 2507 Dunelmensi.
2401 2441 2490 2506 Et

200 2549 339 2612 ego,
368 2527 663 2605 Thomas,
693 2529 933 2606 Abbas,
950 2537 1019 2594 et
1048 2549 1443 2595 successores
1472 2530 1678 2594 nostri
1706 2529 1926 2594 omnia
1953 2528 2264 2613 praedicta
2284 2535 2488 2593 terras

200 2625 268 2680 et
296 2623 691 2692 tenementa,
722 2635 871 2680 cum
902 2617 1038 2680 suis
1082 2616 1518 2699 pertinenciis,
1549 2624 1617 2680 et
1659 2637 2070 2682 communam
2113 2615 2488 2700 praedictam

196 2703 269 2766 in
318 2701 640 2785 Bellerby,
688 2702 993 2786 praedicto
1036 2703 1321 2768 Domino
1365 2703 1670 2780 Hem-ico,
1713 2703 2094 2778 haeredibus,
2139 2709 2256 2768 etc,
2305 2702 2490 2787 [war-

198 2789 443 2874 rantyJ.
536 2789 869 2868 Praeterea,
896 2810 1014 2874 per
1041 2809 1375 2855 assensum
1405 2791 1608 2856 totius
1655 2791 2029 2856 Conventus
2074 2797 2140 2854 et
2185 2786 2490 2873 Capituli,

200 2875 601 2941 remittimus
632 2885 698 2940 et
728 2877 993 2940 omnino
1038 2876 1119 2941 de
1160 2877 1351 2942 nobis
1394 2925 1411 2944 .
1456 2928 1471 2943 .
1515 2926 1532 2943 .
1579 2877 1870 2962 quietam
1914 2876 2270 2942 clamamus
2313 2875 2488 2940 dicto

196 2963 487 3028 Domino
520 2963 804 3028 Hem-ico
848 3013 862 3027 .
909 3011 925 3027 .
970 3013 985 3028 .
1032 2970 1237 3028 totam
1266 2985 1678 3028 communam
1707 2971 1988 3048 pasturae
2018 2983 2214 3048 quam
2258 2961 2489 3028 habui·

194 3070 347 3114 mus
376 3049 449 3114 in
477 3049 637 3114 villa
681 3057 749 3114 et
788 3050 1111 3114 territorio
1154 3051 1235 3116 de
1280 3051 1400 3117 Est
1442 3051 1728 3116 Boulton
1769 3050 1840 3115 in
1885 3047 2490 3134 Wandeslaghdale,

196 3157 318 3222 per
334 3136 615 3220 speciale
635 3138 895 3214 factum,
914 3137 996 3202 ad
1015 3146 1263 3203 certum
1289 3136 1393 3203 vel
1416 3137 1740 3203 incertum
1760 3158 2103 3202 numerum
2123 3135 2490 3221 aliquorum

194 3224 567 3288 averiorum
586 3222 691 3288 vel
711 3223 1109 3302 animalium,
1132 3225 1421 3308 quietam
1440 3223 1523 3290 de
1546 3225 1734 3289 nobis
1757 3274 1771 3290 .
1792 3275 1806 3289 .
1831 3275 1845 3289 .
1871 3225 2344 3308 inperpetuum.
2405 3223 2490 3287 In

188 3372 381 3424 Abbot
398 3371 588 3437 Hem-y
604 3371 661 3422 in
682 3373 803 3424 1301
830 3371 1143 3439 (probably),
1172 3371 1279 3424 and
1392 3371 1627 3424 Grantor
1639 3371 1697 3424 of
1709 3372 1810 3424 No.
1829 3385 2038 3424 cnxvn.
2065 3371 2153 3422 He
2165 3386 2276 3424 was
2289 3371 2382 3422 tho
2395 3387 2492 3424 son

192 3439 265 3490 he
298 3437 459 3504 again
562 3451 627 3487 ve
660 3437 811 3502 place
830 3443 889 3489 to
912 3437 1135 3500 Robsrt,
1160 3438 1283 3490 who
1394 3439 1453 3490 οἱ
1474 3439 1656 3490 Simon
1671 3439 1721 3489 10
1739 3437 1934 3505 sea-ope
1948 3438 2006 3489 of
2025 3436 2306 3488 Flotmanb
2347 3473 2362 3498 ,
2380 3437 2490 3490 and

190 3503 415 3556 boc-ms
438 3503 489 3554 A
528 3501 623 3554 bot
652 3503 711 3554 in
732 3506 795 3566 (2)
824 3505 967 3556 1303.
1040 3503 1109 3554 In
1133 3505 1278 3566 1318,
1398 3504 1632 3555 married
1654 3503 1886 3566 Gilinna,
1922 3503 2160 3564 Juliana,
2187 3517 2250 3554 or
2317 3501 2484 3564 ulis-n,

190 3567 459 3628 william,
488 3567 584 3618 the
605 3566 731 3618 fifth
764 3568 819 3619 of
850 3569 944 3621 the
976 3583 1146 3630 name,
1175 3584 1285 3620 was
1399 3569 1666 3636 daughter
1687 3569 1744 3620 οἱ
1777 3569 1956 3636 Roget
1989 3567 2153 3630 Brun,
2192 3566 2390 3630 Brune,
2427 3583 2490 3620 or

188 3634 415 3710 Abho-n
440 3633 549 3683 and
572 3633 701 3709 tbus
716 3633 809 3684 tho
828 3637 1043 3700 present
1058 3633 1287 3712 sshomas
1400 3633 1680 3701 Buri-isan,
1719 3634 1776 3687 of
1808 3633 2100 3714 Tbornton.
2173 3631 2258 3698 By
2290 3633 2387 3684 her
2419 3633 2488 3686 he

190 3697 1148 3842 {saumatamha
1165 3699 1287 3816 „2¹25
1401 3699 1585 3816 2221:
1600 3715 1740 3842 §33³
1762 3699 2040 3816 &¹2⁸3
2070 3699 2486 3825 {ansam

190 3830 389 3883 firmed
422 3827 495 3893 by
528 3833 729 3880 entnes
750 3845 807 3880 m
844 3829 939 3880 the
981 3829 1287 3896 Regi-trum
1399 3830 1507 3882 and
1532 3829 1790 3892 william,
1811 3829 1908 3882 the
1922 3829 2086 3882 latter
2102 3830 2159 3880 οἱ
2179 3828 2354 3880 whom
2378 3827 2486 3882 had

190 3895 402 3948 Prioris
462 3899 520 3946 et
579 3893 745 3946 Conv.
808 3894 1053 3946 Dunelm.
1113 3895 1287 3948 under
1397 3912 1434 3947 a
1476 3911 1573 3946 son
1618 3895 1825 3961 Hem-y,
1871 3893 1995 3946 who
2037 3893 2164 3946 died
2217 3893 2275 3945 in
2335 3895 2480 3948 1336.

186 3963 330 4014 dato
350 3962 415 4012 26
438 3959 626 4010 March
648 3959 755 4011 and
786 3962 848 4012 31
876 3959 1063 4011 March
1089 3963 1233 4015 1315.
1400 3961 1592 4026 Hem-y
1630 3961 1682 4012 10
1719 3961 1932 4028 Scrope,
1974 3976 2070 4011 son
2115 3960 2172 4011 oi
2213 3959 2396 4012 Simon
2429 3960 2488 4012 of

258 4025 281 4058 ¹
317 4025 435 4076 One
476 4024 725 4086 Thomas,
772 4042 832 4077 as
876 4025 1041 4076 noted
1096 4026 1281 4088 above,
1398 4025 1737 4091 Flottnanby,
1765 4042 1876 4077 was
1897 4025 1954 4078 of
1986 4024 2089 4077 full
2110 4041 2208 4092 age
2240 4027 2298 4077 in
2335 4027 2480 4087 1205,

188 4093 415 4144 became
470 4089 656 4142 Abbot
708 4091 766 4141 in
813 4092 939 4146 1287
984 4091 1065 4153 (iv
1118 4107 1285 4144 nonas
1397 4091 1503 4143 and
1526 4108 1586 4143 as
1608 4092 1702 4142 the
1725 4091 1852 4142 dats
1872 4091 1929 4142 of
1961 4091 2055 4142 tbe
2115 4095 2296 4142 renent
2324 4090 2484 4142 docu-

188 4155 513 4218 Febrnnrii),
556 4155 665 4206 and
698 4155 783 4206 his
815 4171 1085 4208 successor
1114 4173 1286 4209 seems
1397 4161 1549 4208 ment
1568 4157 1666 4210 lies
1687 4158 1744 4208 in
1771 4159 1898 4209 1315
1919 4157 1967 4208 it
1987 4157 2033 4208 is
2053 4173 2088 4208 o
2125 4155 2278 4209 vicus
2293 4156 2419 4208 that
2438 4155 2488 4208 it

186 4219 818 4340 ῧὲέἶὲῗξωωέἓ
832 4221 1287 4340 ithffiwffiffizz
1396 4220 2352 4354 ᾞᾞᾶζῗῗῶξὶοῒῗέωῗῗῖ
2367 4221 2486 4273 ”““’

186 4355 289 4407 tho
310 4324 484 4405 nami.
557 4351 657 4404 seo
678 4323 886 4404 noto’to
906 4351 1015 4403 lut
1037 4351 1191 4404 deod.
1462 4352 1485 4386 ⁸
1506 4353 1753 4406 seeum
1769 4352 1904 4404 deod
1920 4353 2042 4416 (No.
2064 4355 2294 4412 oxma),
2308 4351 2484 4402 which

233 4419 258 4450 ²
274 4417 410 4469 This
422 4422 571 4468 must
584 4417 651 4469 bs
664 4417 759 4468 the
770 4418 1217 4496 great-grandson
1229 4417 1287 4470 of
1397 4418 1444 4469 is
1455 4435 1492 4470 a
1503 4435 1642 4485 copy
1662 4419 1720 4470 of
1733 4419 1820 4470 Sir
1833 4418 1958 4470 Hen
2037 4418 2166 4469 θοι-ο
2235 4417 2276 4466 's
2293 4417 2484 4469 formal

190 4485 293 4537 the
310 4481 437 4534 Hen
524 4483 573 4533 10
596 4482 724 4534 Scro
814 4483 935 4534 who
958 4499 1005 4534 u
1022 4488 1136 4535 mat
1148 4483 1284 4534 with
1398 4484 1610 4536 chartei·
1653 4484 1709 4536 of
1751 4487 1911 4549 grant
1951 4499 1986 4534 o
2041 4482 2134 4534 tho
2199 4481 2332 4534 ands
2375 4479 2484 4536 md

188 4553 247 4602 in
294 4548 393 4600 the
544 4548 659 4615 'tby
744 4547 1025 4614 hartulary
1080 4565 1139 4600 as
1188 4549 1285 4600 the
1396 4553 1698 4602 tmsmsnts
1719 4549 1846 4600 hero
1867 4547 2134 4614 specified.
