3075 5009
510 449 637 510 280
1164 459 1638 510 marmarium
1665 457 2133 508 mvmmtsn.

508 621 732 684 bertus
775 619 839 684 le
870 619 1024 684 Bret
1055 618 1137 684 de
1166 619 1523 683 Karletona
1567 619 1640 682 in
1670 616 2030 701 Glyveland
2075 667 2089 681 .
2135 665 2150 679 .
2199 667 2214 681 .
2260 616 2419 682 fecit
2461 617 2605 680 Deo
2650 665 2666 681 .
2715 665 2730 678 .
2782 667 2797 678 .

508 707 593 771 (16
644 713 785 771 tota
834 713 1022 784 terra,
1062 727 1212 771 cum
1262 707 1700 790 pertinenciis,
1748 725 1945 789 quam
1994 704 2225 768 habuit
2273 704 2348 766 in
2399 703 2670 767 Fithum
2725 703 2802 766 in

508 793 831 858 territorio
887 794 972 858 de
1030 794 1348 878 Fayceby‚
1406 814 1558 858 cum
1614 791 2054 877 pertinenciis,
2107 812 2190 855 ex
2247 790 2417 854 dono
2475 789 2806 856 Willelmi

510 880 826 965 Esturmy
885 881 965 945 de
1024 881 1357 965 Fayceby:
1435 880 1934 945 Concessionem
1993 878 2194 942 etiam
2236 898 2400 961 quas
2457 876 2804 943 Walter-us

512 967 593 1032 de
640 967 965 1052 Moubray
1009 1017 1025 1032 .
1069 1017 1084 1033 .
1132 1019 1146 1032 .
1195 968 1352 1031 fecit
1400 967 1545 1032 Deo
1587 1017 1603 1032 .
1649 1017 1666 1032 .
1711 1015 1726 1032 .
1777 966 1858 1031 de
1918 971 2057 1029 tota
2104 965 2452 1029 donatione
2500 965 2808 1040 osannae,

512 1057 743 1119 matris
772 1055 1150 1132 suae-sciL,
1209 1055 1289 1120 de
1346 1061 1484 1119 tota
1544 1061 1719 1119 terra
1768 1053 1850 1118 de
1908 1052 2211 1128 Huhirst,
2268 1072 2420 1115 cum
2477 1051 2673 1116 bosco
2735 1059 2808 1114 et

513 1141 813 1206 omnibus
844 1142 989 1207 aliis
1018 1141 1437 1226 pertinenciis
1464 1141 1620 1218 suis,
1651 1148 1718 1206 et
1746 1147 1885 1205 toto
1913 1146 2100 1224 prato
2128 1139 2210 1203 de
2241 1137 2809 1223 StaindalhengeS,

513 1249 661 1292 cum
690 1230 1129 1312 pertinenciis,
1157 1235 1225 1294 et
1267 1234 1405 1293 toto
1450 1249 1666 1292 annuo
1709 1227 1968 1292 redditu
2013 1226 2282 1312 triginta
2325 1225 2680 1291 solidorum
2721 1225 2810 1289 de

513 1335 630 1380 sex
658 1316 913 1381 bovatis
942 1323 1129 1381 terrae
1159 1316 1233 1380 in
1276 1316 1579 1399 Fayceby
1608 1335 1770 1400 quas
1815 1315 2041 1378 Simon
2086 1315 2352 1397 Ingram
2381 1312 2463 1377 de
2493 1311 2806 1397 Fayceby

513 1403 745 1480 tenuit,
776 1423 922 1467 cum
954 1403 1252 1488 homagio
1282 1403 1571 1486 ejusdem
1605 1401 1888 1466 Simonis
1933 1411 2000 1466 et
2041 1400 2374 1464 haeredum
2417 1419 2703 1477 suorum,
2734 1405 2808 1463 et

514 1509 663 1552 cum
694 1489 969 1567 releviis,
1012 1491 1266 1568 wardis‚
1310 1490 1580 1554 escaetis
1625 1496 1693 1553 et
1735 1489 2036 1553 omnibus
2079 1488 2500 1572 pertinenciis
2544 1487 2702 1562 suis,
2733 1495 2809 1550 et

512 1582 651 1641 toto
680 1577 965 1641 manerio
994 1576 1077 1642 (16
1120 1579 1417 1642 Foxtona
1456 1577 1529 1640 in
1575 1575 2014 1661 Clyvelandia‚
2057 1595 2208 1639 cum
2253 1575 2556 1638 omnibus
2597 1573 2810 1657 perti-

514 1664 761 1728 nenciis
806 1665 959 1740 suis,
1004 1664 1179 1749 quod
1222 1665 1519 1748 praedicti
1564 1663 1783 1728 Abbas
1828 1669 1896 1727 et
1946 1662 2248 1726 monachi
2299 1662 2672 1725 habuerunt
2715 1681 2810 1725 ex

512 1749 861 1816 donatione
911 1751 1233 1815 Willelmi
1283 1750 1366 1816 de
1418 1751 1612 1834 Grey,
1663 1757 1732 1814 et
1785 1750 1866 1814 de
1919 1770 2052 1813 una
2102 1750 2336 1813 bovata
2382 1753 2590 1823 terrae,
2643 1769 2808 1812 cum

512 1837 949 1920 pertinenciis,
970 1858 1169 1921 quam
1191 1838 1562 1902 habuerunt
1582 1858 1666 1902 ex
1693 1837 2042 1901 donatione
2063 1835 2388 1900 WiHelmi
2416 1835 2498 1898 de
2519 1835 2808 1899 Tharne·

510 1931 684 2002 tona,
742 1925 1053 1988 avunculi
1116 1925 1324 2008 ipsius
1384 1924 1680 2002 Walteri,
1738 1925 1810 1987 in
1867 1923 2115 2006 Magna
2187 1923 2527 1996 Broctona,
2585 1928 2657 1986 et
2715 1921 2807 1986 de

512 2011 811 2076 omnibus
840 2011 987 2076 aliis
1016 2012 1474 2076 donationibus
1503 2032 1666 2096 quas
1694 2010 2066 2076 habuerunt
2092 2009 2174 2074 de
2205 2009 2430 2074 eodem
2459 2008 2810 2074 Willelmo

510 2102 579 2162 et
607 2097 754 2162 aliis
784 2100 1297 2164 antecessoribus
1342 2099 1549 2183 ipsius
1595 2098 1871 2163 Walteri
1913 2099 1986 2161 in
2029 2097 2254 2162 eadem
2297 2096 2457 2160 villa
2499 2101 2569 2161 et
2595 2096 2762 2160 alibi
2791 2123 2808 2162 z

513 2185 1039 2270 Resignationem
1095 2187 1381 2270 insuper,
1426 2192 1495 2250 et
1551 2186 1841 2269 quietam
1885 2185 2309 2250 clamanciam
2354 2203 2516 2267 quas
2571 2183 2814 2248 Simon

513 2271 771 2356 Ingram
797 2273 878 2336 de
896 2273 1183 2358 Fesceby
1200 2294 1319 2357 per
1347 2275 1663 2356 scriptum
1679 2293 1874 2337 suum
1904 2273 2060 2336 fecit
2102 2320 2117 2335 .
2163 2321 2180 2335 .
2226 2321 2241 2335 .
2287 2270 2368 2335 de
2395 2291 2531 2335 una
2557 2270 2812 2336 bovata

510 2365 716 2437 terrae,
776 2381 926 2424 cum
982 2360 1419 2444 pertinenciis,
1477 2361 1552 2424 in
1625 2359 1930 2443 Fesceby,
1989 2379 2140 2423 cum
2199 2358 2362 2422 tofto
2423 2364 2490 2422 et
2565 2358 2806 2435 crofto,

510 2452 578 2510 et
636 2447 718 2510 de
776 2447 1102 2513 reddendo
1162 2446 1436 2532 singulis
1496 2447 1687 2510 annis
1761 2447 2007 2510 Domui
2065 2445 2463 2510 Rievallensi
2521 2445 2804 2529 triginta

508 2532 747 2598 solidos
819 2535 1339 2620 imperpetuum:
1426 2535 1866 2599 Donationem
1938 2584 1953 2599 .
2029 2583 2044 2597 .
2118 2581 2137 2597 .
2211 2552 2374 2617 quas
2465 2531 2806 2598 Henricus

507 2619 681 2684 filius
736 2621 1009 2686 Siwardi
1048 2623 1130 2686 de
1180 2621 1628 2706 Thormodeby
1671 2670 1689 2687 .
1732 2669 1747 2685 .
1794 2671 1808 2684 .
1855 2620 2012 2685 fecit
2058 2621 2204 2684 Deo
2247 2668 2262 2684 .
2307 2669 2324 2683 .
2370 2668 2385 2683 .
2433 2618 2514 2684 de
2544 2618 2810 2684 duobus

507 2707 888 2772 sellionibus
988 2713 1179 2774 terrae
1272 2708 1345 2772 in
1436 2707 1902 2791 Thormodeby,
1991 2715 2059 2772 et
2143 2705 2228 2771 (16
2329 2711 2498 2769 terra
2595 2725 2804 2789 quam

506 2792 739 2858 habuit
824 2795 896 2858 in
970 2796 1463 2880 Tywithemora,
1538 2803 1606 2860 et
1676 2795 1756 2859 de
1829 2793 2080 2858 duobus
2153 2792 2535 2857 sellionibus
2609 2799 2804 2858 terrae

506 2899 668 2963 quas
735 2881 965 2945 habuit
1030 2882 1153 2946 sub
1210 2882 1413 2947 latere
1469 2901 1696 2946 versus
1755 2881 2055 2964 Malteby
2113 2900 2194 2944 ex
2269 2879 2540 2944 australi
2611 2887 2804 2963 parte

505 2977 693 3031 terrae
720 2968 1044 3032 Willelmi
1090 2969 1211 3033 filii
1260 2969 1571 3048 Eudonis,
1620 2977 1688 3033 et
1739 2968 1818 3033 de
1868 2989 2001 3033 uno
2053 2967 2322 3032 sellione
2372 2973 2562 3031 terrae
2599 2986 2809 3050 quam

506 3053 740 3118 habuit
781 3055 956 3120 inter
982 3056 1204 3132 valleS,
1236 3062 1302 3120 et
1330 3057 1411 3121 (16
1440 3078 1573 3121 uno
1603 3055 1874 3120 sellione
1904 3075 2100 3139 quem
2145 3053 2376 3119 habuit
2417 3055 2491 3116 in
2537 3053 2798 3120 Cokke-

506 3139 822 3218 dalenese,
888 3148 956 3206 et
1023 3143 1105 3208 de
1169 3143 1423 3208 duobus
1504 3142 1884 3208 sellionibus
1958 3151 2149 3206 terrae
2222 3141 2294 3204 in
2371 3140 2794 3206 Braidholme

498 3229 693 3309 juxta
720 3231 914 3306 viam,
944 3236 1012 3294 et
1041 3229 1121 3294 de
1148 3251 1281 3294 uno
1311 3229 1580 3295 sellione
1621 3236 1805 3294 terrae
1835 3249 2029 3312 super
2055 3235 2345 3292 montem
2373 3227 2456 3292 de
2499 3226 2798 3293 Hiarles-

504 3312 702 3393 holm,
773 3336 926 3380 cum
998 3317 1447 3400 pertinenciis:
1527 3317 1967 3380 Donationem
2045 3316 2328 3398 insuper,
2387 3363 2404 3380 .
2468 3365 2483 3380 .
2552 3365 2568 3380 .
2629 3335 2796 3398 quas

504 3400 679 3465 idem
738 3401 1063 3468 Henricus
1108 3455 1121 3469 .
1168 3455 1182 3468 .
1230 3455 1243 3469 .
1292 3405 1449 3469 fecit
1506 3405 1650 3469 Deo
1706 3454 1720 3468 .
1768 3453 1783 3467 .
1829 3453 1845 3468 .
1901 3402 1984 3468 (16
2040 3402 2312 3466 dimidia
2375 3422 2524 3466 acra
2588 3408 2796 3480 terrae,

506 3509 657 3551 cum
684 3490 1120 3572 pertinenciis,
1137 3491 1207 3555 in
1238 3491 1720 3575 Thormodeby:
1753 3490 2190 3555 Donationem
2206 3490 2406 3554 etiam
2449 3539 2465 3554 .
2512 3537 2530 3552 .
2573 3537 2589 3553 .
2629 3509 2794 3573 quas

503 3575 861 3642 Nicholaus
890 3577 971 3642 de
1002 3577 1469 3644 Chaumcurtes
1498 3629 1513 3643 .
1562 3629 1575 3644 .
1618 3628 1632 3642 .
1665 3577 1822 3642 fecit
1850 3577 1992 3640 Deo
2023 3625 2038 3640 .
2083 3625 2098 3641 .
2146 3624 2160 3641 .
2193 3576 2276 3641 de
2298 3575 2549 3640 duobus
2567 3575 2796 3642 solidis

504 3660 587 3725 ad
631 3683 837 3727 unum
880 3684 1136 3729 cereum
1180 3665 1554 3730 habendum
1597 3673 1750 3729 ante
1793 3664 1996 3729 altare
2039 3664 2112 3727 in
2155 3663 2262 3728 die
2314 3663 2795 3728 Purificationis

504 3749 567 3813 S.
612 3749 858 3829 Mariae,
902 3771 1063 3835 quas
1116 3753 1435 3817 Robertus
1479 3753 1698 3817 Tusti¹
1743 3758 1810 3816 et
1851 3750 2136 3815 haeredes
2181 3750 2286 3814 sui
2343 3749 2618 3814 reddent
2659 3749 2798 3815 illis

501 3837 841 3902 annuatim
870 3837 951 3902 de
979 3847 1147 3904 terra
1179 3861 1375 3922 quam
1402 3840 1579 3904 idem
1609 3839 1928 3903 Robertus
1957 3838 2174 3902 tenuit
2200 3838 2272 3901 in
2301 3836 2795 3920 Thurmodeby:

501 3922 941 3990 Donationem
998 3927 1282 4010 insuper,
1326 3977 1341 3992 .
1388 3977 1403 3992 .
1449 3976 1463 3991 .
1511 3947 1674 4011 quas
1737 3925 2103 3989 Willelmus
2165 3924 2244 3988 de
2303 3924 2578 4008 Loringe
2632 3974 2647 3988 .
2703 3975 2716 3988 .
2777 3974 2792 3989 .

498 4010 656 4075 fecit
686 4011 828 4076 Deo
870 4061 885 4076 .
932 4063 947 4077 .
994 4061 1009 4076 .
1056 4013 1138 4076 de
1180 4033 1313 4078 una
1356 4033 1503 4078 acra
1546 4013 1735 4098 prati,
1780 4032 1930 4076 cum
1972 4011 2406 4096 pertinenciis,
2435 4011 2507 4074 in
2550 4011 2792 4076 Thore-

498 4097 819 4182 modeby:
868 4099 1362 4165 Concessionem
1392 4101 1592 4165 etiam
1637 4151 1651 4164 .
1699 4150 1713 4164 .
1761 4149 1775 4163 .
1821 4119 1983 4183 quas
2015 4099 2303 4182 Rogerus
2332 4097 2396 4162 le
2425 4097 2686 4163 Sainter
2705 4098 2789 4164 (16

562 4267 583 4302 ²
616 4270 731 4323 The
774 4271 993 4339 writing
1035 4271 1162 4324 here
1206 4273 1253 4325 is
1296 4278 1395 4325 not
1432 4273 1584 4339 quite
1697 4271 1924 4339 original
1967 4271 2118 4322 Tosti
2195 4270 2332 4321 with
2369 4270 2466 4320 the
2499 4269 2694 4322 elision
2733 4274 2790 4324 of

494 4335 657 4400 plain.
728 4337 843 4388 The
862 4353 1019 4388 namo
1040 4338 1216 4405 might
1236 4339 1303 4390 bc
1318 4338 1585 4405 supposed
1697 4337 1791 4388 the
1813 4336 1942 4386 final
1963 4339 2018 4400 9)
2039 4337 2086 4387 is
2107 4287 2307 4401 &nuely
2335 4335 2632 4386 connected
2653 4336 2792 4389 with

495 4406 555 4451 to
577 4401 645 4452 be
668 4407 850 4454 meant
870 4408 930 4454 to
963 4403 1031 4454 be
1060 4405 1228 4455 Tusci.
1302 4405 1413 4456 But
1444 4405 1582 4455 inas·
1698 4403 1793 4455 the
1821 4403 2051 4466 vicinity
2073 4402 2132 4452 in
2207 4400 2430 4461 uestion,
2473 4401 2568 4452 the
2605 4403 2792 4454 actual

494 4467 656 4517 much
698 4483 759 4518 as
802 4469 898 4520 the
950 4485 1106 4522 name
1159 4470 1309 4521 Tosti
1352 4473 1437 4531 (or
1488 4469 1584 4520 the
1697 4467 1923 4533 reading
1943 4483 2043 4518 can
2066 4467 2166 4517 har
2203 4467 2262 4532 ly
2284 4466 2351 4516 be
2373 4465 2649 4518 doubtful.
