3075 5009
625 460 750 521 402
1279 468 1757 519 mnrunmtm
1786 468 2253 519 nmvmnnsn.

622 626 1460 771 fflassffissssfflssfflffi
1469 624 2238 801 iimpfflsszk‘ffiffffss
2270 644 2381 787 12⁸¹„
2388 644 2921 769 mmffffimm

628 790 878 853 Henrioi
919 789 1122 870 Regis,
1173 789 1365 869 patris
1407 788 1659 849 Domini
1698 788 1885 868 Regis
1924 808 2105 863 nunc,
2148 808 2331 867 quam
2372 790 2633 867 profert,
2686 796 2759 850 et
2798 808 2921 866 qnae

621 879 888 933 testatur
906 870 1071 950 quod
1097 870 1262 932 idem
1280 870 1583 931 Dominus
1612 869 1914 931 Henrious
1940 870 2079 931 Rex
2102 870 2397 931 concessit
2420 868 2677 931 cuidam
2706 868 2924 950 praede-

623 952 846 1015 cessori
891 952 1072 1013 istius
1111 952 1392 1026 Abbatis,
1437 958 1571 1027 etc„
1614 950 1783 1030 quod
1826 950 1957 1045 ipse
1998 960 2063 1012 et
2102 970 2470 1013 successores
2511 950 2617 1011 sui
2656 951 2923 1013 habeant

621 1034 875 1096 liberam
890 1053 1238 1095 warennam
1253 1032 1318 1093 in
1336 1031 1618 1093 omnibus
1636 1032 1954 1093 domimcis
1974 1032 2153 1093 terris
2169 1032 2294 1092 suis
2314 1031 2393 1094 de
2410 1031 2751 1111 Crosseby,
2776 1032 2925 1110 Ray-

623 1114 916 1190 thesdale‚
947 1114 1252 1187 Neutone,
1287 1112 1631 1192 Heskayth,
1661 1112 2073 1187 Welleburne,
2116 1112 2493 1193 Broghtons,
2534 1112 2847 1175 Mox-tom
2870 1127 2923 1173 et

626 1196 800 1276 Skyp
843 1216 968 1257 una
997 1195 1076 1265 in,
1092 1194 1404 1256 Comitntu
1429 1194 1569 1269 isto,
1600 1194 1749 1255 dum
1776 1202 1985 1256 tamen
2012 1204 2123 1256 ete.
2210 1193 2450 1255 Clamat
2492 1194 2691 1255 etiam
2720 1214 2927 1257 omnoe

623 1276 772 1339 alias
826 1277 1114 1339 'bertates
1138 1276 1204 1337 in
1233 1276 1405 1338 brevi
1431 1284 1751 1337 contentas
1778 1296 1888 1355 per
1914 1284 2143 1337 cartam
2163 1274 2414 1337 Domini
2440 1274 2637 1354 Regis
2658 1275 2925 1340 Rioerdi.

621 1358 1055 1439 consanguinei
1091 1356 1344 1418 Domini
1382 1357 1571 1437 Regis
1612 1376 1789 1431 nunc,
1821 1356 2031 1419 datam
2069 1376 2229 1418 anno
2256 1356 2429 1436 regni
2470 1358 2569 1418 sui
2614 1358 2842 1437 primo,
2870 1372 2929 1417 et

627 1460 733 1519 per
765 1448 995 1501 cartam
1019 1438 1099 1499 de
1136 1439 1593 1501 confirmatione
1633 1437 1885 1499 Domini
1924 1438 2109 1518 Regis
2136 1437 2403 1511 Homini,
2434 1439 2636 1517 patris
2676 1437 2931 1501 Domini

625 1520 809 1602 Regis
810 1540 1008 1664 Eune,
1027 1519 1238 1661 datam
1257 1520 1341 1581 A⁰
1359 1519 1532 1601 regni
1553 1518 1649 1580 sui
1669 1519 2173 1600 quinquagesimo
2192 1526 2429 1599 quarto,
2452 1540 2594 1599 quae
2618 1526 2931 1582 testantur

627 1649 641 1663 .
693 1648 707 1663 .
753 1650 768 1665 .
867 1608 1052 1663 oetera
1123 1608 1319 1663 esunt.

711 1772 807 1833 79.
867 1748 1126 1853 [Plscita
1178 1768 1360 1829 Ebot.
1477 1772 1512 1831 7
1570 1768 1740 1830 Edw.
1801 1783 1842 1830 1.
1908 1766 2144 1851 [127ξ],
2216 1768 2333 1829 No,
2398 1772 2449 1843 1,
2510 1772 2633 1842 4-2,
2694 1769 2741 1830 f.
2808 1768 2929 1851 30.]

627 1850 972 1913 Willelmus
1027 1850 1105 1911 de
1145 1848 1436 1929 Wyvylle
1491 1850 1653 1929 petit
1704 1868 1918 1910 versus
1971 1849 2279 1912 Abbatem
2335 1849 2413 1911 de
2474 1850 2751 1929 Ryvnlle
2811 1850 2931 1911 duo

627 1932 938 2013 mesuagio
989 1940 1055 1993 et
1107 1931 1513 2011 quadraginta
1567 1931 1821 1992 bovatas
1876 1936 2055 1991 terrae
2104 1976 2118 1992 .
2172 1978 2186 1993 .
2238 1978 2253 1993 .
2302 1932 2369 1993 in
2426 1930 2761 1993 Thornton
2816 1930 2929 2013 [in]

629 2012 1110 2093 PykerInglithe,
1156 2020 1229 2073 ut
1265 2011 1368 2091 jus
1417 2031 1598 2073 suum
1636 2032 1747 2091 per
1788 2012 1973 2073 breve
2012 2011 2091 2073 de
2139 2021 2307 2073 recto
2356 2020 2571 2092 patens
2618 2022 2739 2074 ete.
2852 2012 2931 2073 Et

629 2094 792 2155 unde
846 2093 998 2155 dicit
1053 2093 1218 2173 quod
1275 2092 1527 2173 quidam
1582 2091 1945 2167 willelmus,
2012 2100 2357 2155 antecessor
2414 2114 2579 2168 suuS,
2646 2102 2781 2155 tem
2866 2115 2927 2155 re

630 2174 790 2255 pacis
833 2181 1108 2255 tempore
1149 2173 1403 2236 Hem-ici
1441 2174 1711 2248 secundi,
1758 2174 1972 2253 proavi
2019 2173 2272 2235 Domini
2314 2174 2499 2255 Regis
2546 2194 2737 2249 nunc,
2814 2177 2928 2237 ecit

627 2254 1815 2417 ffififfzzssoetzg'zffissfflssffssaffl
1846 2263 1935 2396 ἓξ
1971 2254 2053 2397 32
2090 2255 2579 2416 issffifflffiss·
2602 2257 2927 2400 fflmiffliss

627 2420 726 2499 jus
755 2417 996 2480 cuidam
1027 2416 1302 2492 Ricardo,
1336 2424 1410 2477 ut
1435 2417 1562 2478 filio
1591 2424 1657 2478 et
1683 2416 1947 2479 haeredi:
1991 2417 2149 2483 etde
2170 2419 2302 2497 ipso
2320 2418 2583 2480 Ricasdo
2602 2418 2925 2481 deseendit

623 2500 724 2579 jus
773 2498 1138 2579 quibusdam
1163 2498 1500 2560 Amielisiae
1543 2507 1607 2560 et
1649 2498 2009 2574 Eustachiae,
2043 2506 2116 2560 ut
2155 2500 2391 2561 filiabus
2433 2508 2497 2561 et
2536 2499 2925 2563 haemdibus:

628 2591 693 2642 et
718 2580 797 2642 de
837 2580 971 2660 ipsa
1008 2579 1348 2653 Amfelisia,
1378 2581 1525 2658 quia
1564 2580 1720 2641 obiit
1760 2580 1891 2641 sine
1932 2580 2175 2642 haerede
2214 2581 2293 2643 de
2334 2601 2415 2655 se,
2459 2580 2795 2643 deseendit
2832 2583 2923 2661 jus

627 2661 937 2742 put-partis
965 2682 1090 2723 suae
1117 2660 1422 2740 praedietae
1449 2660 1812 2735 Eustochiae,
1844 2668 1916 2722 ut
1956 2662 2151 2723 sorori
2178 2670 2242 2723 et
2281 2661 2548 2724 haeredi:
2590 2670 2663 2723 et
2688 2662 2771 2726 de
2800 2664 2923 2744 ipsa

625 2742 957 2804 Eustochio
995 2742 1312 2804 descendit
1352 2743 1454 2821 jus
1483 2742 1725 2803 cuidam
1751 2742 1812 2803 N
1816 2742 2070 2817 icholao,
2100 2750 2173 2803 ut
2198 2742 2322 2804 filio
2350 2751 2415 2804 et
2441 2742 2677 2805 haeredi
2702 2770 2717 2807 :
2760 2754 2830 2807 et
2854 2746 2923 2805 de

628 2826 649 2885 i
693 2844 760 2886 so
782 2824 843 2885 N
847 2823 1097 2898 ieholao,
1121 2824 1268 2903 quia
1283 2824 1439 2885 obiit
1465 2824 1598 2884 sine
1617 2822 1858 2884 haerede
1879 2823 1957 2884 de
1974 2844 2054 2897 se,
2074 2823 2391 2886 descendit
2415 2826 2517 2904 jus
2540 2834 2657 2887 ete.
2686 2827 2921 2889 cuidam

689 2905 910 2980 icardo,
941 2912 1014 2965 ut
1058 2904 1234 2965 fratri
1277 2912 1342 2965 et
1378 2903 1644 2966 haeredi:
1687 2912 1751 2965 et
1791 2903 1869 2966 de
1910 2906 2043 2984 ipso
2086 2905 2363 2980 Ricardo,
2408 2906 2554 2985 quia
2594 2906 2763 2969 obiit
2800 2908 2924 2969 sine

631 2986 871 3047 haerede
925 2985 1002 3047 de
1057 3006 1140 3060 se,
1184 2985 1504 3047 descendit
1557 2987 1659 3065 jus
1712 2994 1825 3048 etc.
1885 2986 2125 3047 cuidam
2178 2986 2446 3061 Thomae,
2497 2995 2572 3048 ut
2626 2988 2815 3051 fratri
2870 3000 2923 3049 et

631 3067 894 3129 haeredi:
951 3074 1016 3128 et
1061 3067 1140 3128 de
1188 3067 1321 3147 ipso
1376 3066 1629 3142 Thema,
1682 3068 1829 3146 quia
1876 3067 2032 3128 obiit
2078 3067 2208 3129 sine
2262 3068 2499 3129 haerede
2556 3068 2636 3130 de
2696 3090 2781 3146 σε,
2834 3070 2927 3131 de·

632 3146 872 3209 scendit
910 3148 1011 3227 jus
1052 3147 1293 3209 cuidam
1319 3147 1631 3210 Willelmo
1658 3147 1769 3227 qui
1806 3168 1969 3209 nunc
2010 3148 2185 3228 petit,
2220 3156 2293 3209 ut
2330 3150 2511 3211 fratri
2552 3158 2620 3211 et
2658 3150 2925 3214 harodi:

633 3237 698 3290 et
724 3228 890 3308 quod
917 3228 1041 3289 tale
1069 3230 1152 3291 sit
1172 3228 1276 3307 jus
1303 3248 1484 3291 suum
1512 3230 1692 3290 offert
1718 3236 1833 3290 eto.
1888 3229 1974 3290 Et
1998 3230 2209 3291 Abbas
2238 3230 2409 3292 venit
2433 3237 2499 3292 et
2514 3230 2807 3294 defendit
2832 3234 2925 3312 jus

635 3329 813 3371 suum
840 3309 1086 3389 quando
1127 3318 1240 3373 etc.
1273 3318 1386 3372 etc.
1411 3334 1425 3372 :
1467 3317 1532 3371 et
1558 3310 1708 3373 dicit
1736 3309 1901 3389 quod
1926 3331 2054 3372 non
2094 3319 2299 3391 potest
2324 3311 2467 3373 inde
2492 3313 2629 3374 sine
2656 3314 2923 3376 Domino

637 3392 805 3472 Rege
866 3390 1269 3471 respondere:
1341 3391 1511 3453 Dicit
1576 3391 1739 3453 enim
1799 3393 1965 3471 quod
2040 3391 2341 3455 Dominus
2404 3393 2543 3455 Rex
2600 3393 2920 3469 Hem-iem,

638 3492 901 3553 proavus
942 3472 1191 3549 Domini
1231 3472 1324 3535 Re
1369 3474 1384 3487 '
1465 3492 1645 3549 nune,
1690 3472 1866 3535 dedit
1905 3480 1972 3536 et
2010 3482 2179 3535 carta
2214 3494 2326 3536 sua
2364 3475 2763 3539 confirmavit
2798 3478 2923 3538 Deo

639 3562 705 3616 et
743 3555 806 3617 S.
856 3553 1071 3615 Mariae
1119 3561 1184 3615 et
1222 3554 1340 3615 Eoo
1365 3553 1504 3615 esiae
1553 3553 1632 3615 de
1672 3554 1935 3633 Ryvalle
1989 3601 2005 3615 .
2064 3600 2083 3616 .
2140 3602 2156 3618 .
2214 3564 2415 3617 totum
2456 3564 2713 3619 vastum
2756 3579 2923 3621 suum

640 3644 706 3697 et
757 3642 954 3697 totam
1006 3643 1318 3715 pasturam
1369 3655 1545 3697 suam
1597 3635 1815 3697 subtus
1867 3636 2381 3717 Pykeringelithe,
2441 3658 2583 3699 eum
2646 3642 2927 3703 omnibus

639 3716 768 3777 suis
807 3716 1216 3811 pertinenciis,
1260 3716 1594 3858 devauibus
1633 3723 1825 3812 vasto·
1852 3724 1917 3778 et
1958 3726 2207 3797 pastura
2244 3718 2539 3799 praediete
2574 3727 2929 3784 tenementt

641 3797 2933 3962 ffgssssgaessssgssdgffss'ho0¹¹}SLffiaoeth03t‘u1?¹3323¹gmsgessffi‘issaeffl

643 3967 852 4021 menta
876 3958 1040 4021 idem
1079 3959 1380 4022 Hem-icus
1421 3960 1561 4021 Rex
1600 3980 1709 4041 per
1734 3968 1929 4023 certas
1968 3968 2162 4023 metas
2201 3969 2267 4023 et
2291 3962 2519 4024 divisas
2556 3964 2933 4045 subscriptas

642 4040 817 4103 dedit
857 4086 872 4103 .
918 4087 933 4104 .
979 4086 993 4102 .
1041 4041 1345 4120 praedictis
1367 4042 1703 4117 Monaehis,
1728 4042 2073 4118 etc.-—seil.‚
2099 4043 2391 4123 quioquid
2412 4052 2507 4105 est
2530 4044 2703 4107 inter
2720 4047 2933 4109 Alvos-

645 4122 874 4184 tanbek
902 4129 966 4183 et
991 4122 1452 4203 Thacrivelinge
1490 4124 1557 4184 in
1598 4122 1997 4203 longitudine,
2027 4132 2250 4203 proeter
2288 4132 2533 4205 pratum
2558 4125 2641 4189 de
2680 4126 2933 4191 Edmer·

642 4204 903 4277 merehe,
933 4223 1044 4283 per
1079 4204 1206 4280 has,
1237 4204 1384 4279 soil„
1414 4203 1641 4266 divisas
1662 4226 1798 4267 :—a
1836 4204 1967 4266 loeo
2008 4205 2115 4267 ubi
2156 4206 2619 4285 Alvesteynbek
2658 4208 2837 4272 ondit
2872 4211 2931 4271 in

640 4285 1048 4360 Derventum,
1079 4293 1191 4347 ete.
1226 4284 1316 4368 [as
1351 4287 1416 4347 in
1441 4286 1663 4364 former
1701 4286 2031 4362 documents,
2061 4287 2196 4348 with
2232 4287 2576 4350 immota-iul
2612 4288 2933 4369 differtum

641 4366 709 4444 of
745 4367 999 4445 spellinq,
1044 4366 1194 4445 often
1233 4386 1522 4428 erroneam
1550 4414 1565 4440 ‚
1610 4374 1677 4429 et
1722 4366 1865 4429 inde
1906 4368 2069 4429 sicut
2106 4368 2573 4448 Alvestanybek
2610 4370 2931 4435 deseendit

640 4448 704 4508 in
745 4447 1137 4511 Derwentam
1160 4448 1444 4511 :-—Unde
1536 4449 1644 4509 icit
1686 4448 1851 4529 quod
1893 4468 2017 4511 non
2058 4458 2265 4531 potest
2302 4450 2449 4513 inde
2486 4452 2623 4513 sine
2662 4452 2931 4515 Domino
