3075 5009
524 515 649 574 258
1178 523 1654 572 CARTULARIUM
1685 523 2154 572 RIEVALLENSR.

522 689 835 767 tanquam
878 681 1247 746 Decanatui
1292 681 1731 765 dampnosam,
1777 680 2059 745 rescindi
2101 687 2168 744 et
2209 680 2542 756 infirmari,
2587 687 2655 744 et
2714 679 2820 744 in-

524 769 915 854 dempnitati
959 767 1245 833 ecclesiae
1291 788 1425 832 suae
1469 767 1551 832 de
1597 768 1942 852 Pikeringe
2000 766 2342 852 provideri.
2433 767 2826 830 Procurator

524 878 678 923 vero
710 856 982 920 Abbatis
1013 861 1079 920 et
1109 854 1484 919 Conventus
1515 854 1852 955 Ryevallis
1881 875 1918 918 e
1947 862 2190 932 contra,
2218 873 2334 938 per
2375 854 2824 918 reconventio-

524 965 675 1008 nem
718 943 981 1042 petebat
1026 943 1268 1006 dictam
1312 942 1845 1026 compositionem
1903 948 2218 1026 tanquam
2268 941 2646 1026 legitimam,
2699 962 2823 1025 pro

522 1031 694 1095 bono
723 1030 900 1129 pacis
928 1029 1179 1106 initam,
1210 1035 1277 1092 et
1308 1027 1387 1093 de
1432 1049 1750 1094 consensu
1781 1029 2074 1111 Capituli
2118 1028 2306 1094 Ebor.
2338 1030 2716 1103 confectam,
2747 1035 2822 1093 et

520 1118 907 1183 auctoritate
964 1115 1454 1199 Archiepiscopi
1502 1115 1885 1193 roboratam,
1945 1121 2014 1180 et
2070 1135 2187 1198 per
2243 1115 2498 1199 judices
2557 1134 2596 1177 a
2649 1114 2824 1180 Sede

525 1203 906 1288 Apostolica
948 1202 1274 1286 delegatos
1320 1203 1783 1280 confirmatam,
1821 1223 1937 1287 per
1963 1203 2357 1267 sententiam
2401 1201 2824 1266 diffinitivam

525 1291 811 1356 roborari
869 1298 938 1354 et
979 1290 1265 1354 validam
1317 1289 1742 1373 pronuntiari,
1787 1296 2304 1374 memoratosque
2360 1289 2690 1354 Abbatem
2751 1293 2826 1353 et

528 1380 938 1443 Conventum
984 1397 1023 1441 a
1066 1377 1381 1461 petitione
1427 1376 1588 1441 dicti
1633 1375 1996 1462 F[ulconis]
2044 1377 2294 1442 Decani
2339 1374 2824 1440 sententialiter

520 1465 793 1541 absolvi,
822 1483 1187 1548 proponens
1216 1463 1456 1528 dictam
1502 1463 2034 1548 compositionem
2078 1463 2448 1528 Decanatui
2480 1463 2652 1548 [13¹³]
2683 1484 2824 1526 non

522 1573 665 1618 esse
686 1551 1107 1635 dampnosam
1138 1557 1238 1614 set
1258 1549 1672 1615 fructuosam.
1759 1550 2040 1615 Dicebat
2069 1551 2244 1615 enim
2271 1551 2708 1633 possessiones
2737 1549 2826 1614 de

525 1639 764 1723 quibus
800 1638 1189 1722 petebantur
1216 1637 1482 1701 decimae
1509 1638 1764 1702 Abbate
1795 1643 1862 1702 et
1891 1639 2233 1702 Conventu
2265 1636 2555 1719 Ryevall.
2588 1635 2824 1720 adqui-

528 1727 689 1791 sitas
712 1725 911 1789 fuisse
940 1731 1091 1789 ante
1122 1724 1439 1789 Generale
1471 1724 1840 1789 Concilium
1871 1725 2241 1788 Innocentii
2265 1725 2460 1808 Papae
2487 1744 2603 1807 per
2633 1744 2824 1788 sexa-

524 1814 709 1897 ginta
732 1833 935 1876 annos
965 1818 1033 1876 et
1060 1811 1359 1895 amplius,
1390 1818 1457 1876 et
1478 1832 1594 1896 per
1615 1812 1874 1876 eosdem
1896 1811 2244 1876 monachos
2267 1811 2348 1875 de
2377 1812 2598 1874 Wasto
2621 1811 2824 1895 Regis

528 1901 612 1964 ad
634 1899 957 1964 culturam
984 1903 1313 1974 retractaS,
1343 1899 1513 1963 sicut
1540 1918 1658 1981 per
1685 1905 1928 1963 cartam
1956 1898 2144 1964 bonae
2172 1898 2496 1962 memoriae
2525 1897 2824 1973 Henrici,

526 1985 855 2071 quondam
884 1985 1078 2070 Regis
1106 1985 1375 2068 Angliae,
1405 1986 1610 2069 patris
1642 1986 1834 2070 Regis
1881 1985 2157 2062 Ricardi,
2188 1992 2255 2049 et
2299 1985 2824 2050 confirmationes

529 2075 965 2137 Romanorum
1010 2071 1416 2148 Pontificum,
1445 2072 1635 2136 Lucii
1677 2080 1745 2137 et
1791 2073 2058 2149 Urbani,
2089 2073 2160 2136 in
2197 2072 2446 2156 judicio
2477 2072 2824 2148 exhibitae,

528 2159 780 2243 liquido
811 2159 1176 2244 apparebat,
1199 2158 1373 2223 unde
1404 2157 1542 2246 [de]
1518 2159 1766 2243 ]dictis
1795 2160 1984 2224 terris
2015 2159 2228 2223 11111103
2259 2159 2541 2224 decimas
2572 2157 2828 2224 solvere

528 2246 865 2311 debebant.
956 2245 1043 2310 Et
1100 2246 1193 2310 sic
1240 2246 1562 2312 asserebat
1612 2247 1911 2311 Decanos
1963 2247 2152 2311 Ebor.
2205 2247 2284 2310 de
2344 2246 2525 2310 lucro
2584 2245 2826 2310 habere

531 2332 841 2418 quicquid
895 2353 977 2396 ex
1036 2333 1213 2396 dicta
1258 2333 1724 2416 compositione
1781 2333 2195 2418 recipiebant.
2303 2333 2429 2396 Ad
2402 2333 2564 2417 Jecit
2621 2333 2826 2397 etiarn

530 2421 841 2505 praefatus
891 2426 1265 2504 procurator
1306 2420 1581 2484 Abbatis
1626 2428 1694 2485 et
1739 2421 2118 2485 Conventus
2163 2421 2445 2485 decimas
2498 2421 2580 2483 de
2630 2421 2828 2484 terris

533 2507 902 2572 memoratis
932 2508 1384 2591 provenientes
1414 2527 1550 2571 11011
1577 2527 1718 2572 esse
1746 2513 1948 2572 tantae
1977 2508 2442 2584 aestimationis,
2476 2514 2566 2583 ut,
2595 2507 2751 2572 licet
2783 2529 2830 2572 a

532 2595 873 2660 Decanatu
917 2594 1265 2659 subtractae
1308 2600 1539 2671 essent,
1570 2615 1718 2659 cum
1758 2601 1978 2659 tamen
2007 2596 2216 2679 portio
2257 2595 2628 2658 Decanatus
2658 2614 2830 2658 nun—

532 2701 729 2766 quam
788 2681 1003 2758 fuerit‚
1062 2680 1195 2745 dici
1244 2681 1477 2746 debeat
1533 2683 1814 2746 enormis
1886 2682 2065 2746 laesio
2122 2683 2513 2759 Decanatus,
2573 2681 2828 2746 ratione

536 2768 709 2853 quod
740 2788 889 2832 cum
934 2767 1078 2832 istis
1124 2768 1377 2833 duabus
1420 2769 1673 2846 marciS,
1705 2777 1774 2834 et
1801 2769 1949 2833 aliis
1995 2769 2301 2853 quinque,
2335 2775 2490 2833 sunt
2533 2767 2626 2830 vii
2657 2788 2828 2852 quas

535 2855 729 2920 debet
785 2854 1010 2919 Abbas
1070 2854 1383 2920 Rievallis
1432 2855 1741 2921 Decano,
1727 2878 1741 2894 ·
1817 2857 1946 2922 Sed
2003 2856 2293 2920 redditus
2351 2857 2402 2919 ii
2461 2875 2832 2920 marcarum

538 2941 827 3006 nondum
880 2949 980 3006 est
1028 2941 1410 3026 assignatus,
1458 2941 1636 3007 unde
1680 2943 2036 3027 petendum
2083 2950 2184 3008 est
2227 2943 2310 3006 ab
2363 2963 2438 3008 eo
2490 2942 2663 3026 quod
2709 2943 2834 3007 fiat

536 3028 901 3112 assignatio.
1022 3029 1369 3113 Proposuit
1440 3030 1639 3094 etiam
1697 3030 1872 3096 idem
1936 3037 2312 3114 procurator
2370 3029 2700 3094 Abbatem
2760 3037 2834 3095 et

540 3116 737 3180 Conv.
784 3113 1113 3192 Rievallis‚
1144 3116 1225 3179 ob
1268 3116 1519 3180 firmam
1562 3137 1790 3201 pacem
1833 3124 1902 3182 et
1942 3118 2227 3201 quietem
2274 3118 2524 3181 Domus
2567 3137 2721 3193 suae,
2762 3123 2838 3181 et

538 3202 847 3266 honorem
920 3202 1107 3266 Ebor.
1182 3202 1507 3279 Ecclesiae‚
1567 3204 1739 3268 velle
1797 3203 2072 3288 adjicere
2145 3203 2472 3268 redditum
2547 3203 2830 3268 duarum

542 3309 899 3353 marcarum
928 3289 1405 3374 imperpetuum
1447 3290 1817 3355 Decanatui
1848 3292 2056 3368 Ebor.,
2083 3313 2168 3355 ne
2211 3291 2450 3375 aliquis
2479 3290 2832 3375 scrupulus

542 3376 823 3440 enormis
873 3374 1156 3440 laesionis
1206 3377 1383 3460 apud
1430 3383 1718 3462 posteros
1778 3379 1859 3444 de
1906 3386 2136 3442 caetero
2194 3385 2540 3455 remaneat,
2591 3385 2660 3442 et
2703 3379 2832 3444 hoc

544 3461 1121 3564 sup[p]lementum
1192 3463 1383 3548 plene
1456 3465 1747 3530 sufficere
1821 3466 2236 3549 proponebat,
2312 3465 2485 3549 quod
2559 3463 2832 3549 quidem

542 3557 915 3650 procurator
942 3551 1146 3634 partis
1175 3551 1461 3617 adversae
1488 3573 1620 3616 non
1650 3551 2082 3617 deficiebatur.
2173 3552 2325 3617 Hiis
2355 3553 2555 3636 igitur
2582 3558 2650 3616 et
2677 3551 2832 3617 aliis

544 3639 614 3701 111
667 3637 812 3722 jure
870 3637 1216 3721 propositis
1249 3639 1533 3738 plenius
1591 3639 1958 3716 intellectis,
2005 3647 2074 3704 et
2123 3646 2534 3722 procuratore
2577 3639 2834 3704 Decani

544 3725 805 3789 omnino
855 3723 1193 3790 deficiente
1242 3725 1316 3789 in
1360 3725 1739 3826 probatione
1785 3727 2065 3792 enormis
2111 3727 2391 3791 laesionis
2450 3725 2832 3791 Decanatus

542 3810 730 3874 Ebor.
762 3818 1085 3896 praetextu
1120 3813 1604 3895 compositionis
1647 3814 2149 3896 praenominatae,
2177 3819 2586 3898 procuratore
2629 3813 2834 3878 etiam

542 3897 822 3962 Abbatis
866 3905 934 3962 et
978 3899 1351 3964 Conventus
1395 3899 1726 3977 Rievallis,
1770 3901 1948 3965 omni
1991 3900 2376 3983 probationi,
2417 3900 2834 3985 productioni

540 3984 825 4063 testium,
866 3984 1447 4050 instrumentorum
1490 3987 1764 4052 ulterius
1803 3988 2375 4072 producendorum,
2419 3988 2840 4053 renuntiante

541 4079 609 4136 et
650 4072 970 4137 instanter
1028 4073 1398 4156 postulante
1456 4095 1666 4139 causae
1709 4074 2198 4152 conclusionem,
2245 4095 2383 4152 1103,
2425 4075 2643 4139 Deum
2702 4096 2838 4159 prae

540 4157 745 4223 oculis
795 4159 1124 4238 habenteS,
1176 4168 1243 4225 et
1294 4162 1766 4226 communicato
1825 4162 2140 4226 bonorum
2199 4162 2484 4226 virorum
2543 4181 2619 4225 ac
2663 4161 2834 4246 juris

540 4245 891 4330 peritorum
948 4211 1233 4325 consilio,
1278 4248 1484 4312 nichil
1525 4256 1766 4314 temere
1822 4250 1894 4312 in
1937 4269 2091 4333 praeJ
2079 4249 2387 4314 udicium
2432 4248 2616 4314 Sedis
2663 4251 2836 4333 Apo-

540 4332 799 4410 stolicae,
829 4353 945 4398 seu
988 4334 1469 4418 compositionis
1503 4337 1806 4420 praefatae‚
1836 4335 2121 4420 provide,
2166 4337 2324 4401 satis
2369 4342 2436 4401 et
2481 4336 2836 4402 sufficienti

538 4419 730 4485 modo
772 4421 1098 4499 confectas,
1140 4420 1433 4487 volentes
1476 4429 1882 4507 attemptare,
1925 4422 2252 4488 Abbatem
2295 4429 2364 4487 et
2415 4422 2832 4488 Conventum

540 4506 871 4586 Rievallis,
900 4508 1285 4575 auctoritate
1327 4510 1710 4596 Apostolica
1753 4510 1940 4576 nobis
1985 4510 2346 4588 commissa,
2371 4530 2412 4574 a
2457 4509 2832 4594 supradicta
