3075 5009
530 422 605 481 41
618 421 655 480 2
1180 433 1654 482 GARTULAmUM
1681 432 2146 482 mvmmsr..

528 590 613 651 Et
663 589 707 651 ,J
708 589 993 666 ohannes,
1054 589 1215 651 filius
1276 589 1565 662 Gilberti,
1620 597 1686 650 et
1739 589 2070 665 Gilbertus,
2129 588 2290 650 filius
2359 588 2654 663 Gilberti,
2719 607 2840 668 per

527 671 839 735 custodem
888 691 1083 746 suum,
1132 671 1323 732 nichil
1368 672 1548 732 scivit
1589 671 1788 732 dicere
1836 691 2022 751 quare
2066 670 2357 750 praedicta
2398 670 2445 732 J
2447 669 2708 732 ohanna
2753 669 2838 730 de

528 753 891 814 tenementis
926 772 1139 814 versus
1181 773 1282 814 eos
1322 752 1532 832 petitis
1561 752 1797 814 ‘habere
1836 771 1964 813 non
2004 751 2226 813 debeat
2265 759 2378 812 etc.
2483 751 2643 813 Ideo
2684 770 2837 812 con-

528 832 862 895 sideratum
901 842 996 894 est
1022 834 1185 912 quod
1228 833 1517 914 praedicta
1557 834 1601 895 J
1602 833 1845 895 ohanna
1869 840 2188 914 recuperet
2213 832 2360 894 inde
2385 832 2604 894 dotem
2645 851 2832 892 sunm

530 925 661 990 etc.,
694 924 759 976 et
782 915 828 976 J
830 915 1100 976 ohannes
1126 923 1191 976 et
1217 914 1529 976 Gilbertus
1569 915 1636 976 in
1663 921 1800 975 mia.
1889 915 2022 975 Mia
2061 915 2438 993 pardonatur
2464 915 2618 994 quia
2657 914 2830 974 infra

528 1003 775 1056 aetatem
826 1004 939 1058 etc.
1045 995 1127 1056 Et
1180 995 1447 1057 Thomas
1500 995 1579 1057 de
1635 996 1828 1058 Olaris
1882 995 2178 1071 Vallibus,
2235 995 2314 1056 de
2382 996 2574 1056 tertia
2641 1003 2828 1074 parte

532 1077 803 1138 redditus
845 1097 1055 1139 versus
1095 1097 1235 1138 eum
1275 1078 1483 1156 petita,
1515 1077 1668 1138 dicit
1694 1075 1860 1156 quod
1902 1078 2036 1157 ipsa
2072 1097 2196 1138 non
2237 1083 2410 1137 tenet
2445 1076 2826 1156 praedictum

530 1157 855 1234 redditum,
900 1179 1011 1220 nee
1050 1159 1255 1220 tenuit
1295 1158 1395 1219 die
1422 1179 1546 1239 quo
1586 1159 1753 1219 istud
1795 1158 1980 1219 breve
2019 1158 2143 1219 fuit
2180 1155 2826 1236 impetratum—scil„

530 1239 812 1301 vicesimo
848 1248 1064 1301 octavo
1104 1239 1205 1300 die
1246 1238 1544 1314 Octobris,
1575 1241 1657 1300 A⁰
1687 1239 1871 1380 Reffis
1912 1258 2074 1300 nunc
2101 1239 2387 1300 vicesimo
2427 1239 2648 1318 primo.
2737 1238 2828 1298 Et

531 1319 607 1382 de
636 1319 750 1381 hoc
776 1320 953 1400 ponit
988 1340 1052 1382 se
1092 1341 1274 1401 super
1315 1321 1592 1400 patriam.
1677 1319 1761 1381 Et
1832 1321 2074 1382 ohanna
2098 1319 2251 1382 dicit
2275 1319 2440 1399 quod
2484 1320 2824 1400 praediems

530 1400 793 1462 Thomas
841 1403 1043 1463 tenuit
1090 1402 1167 1463 de
1215 1401 1507 1480 proedicto
1555 1401 1850 1476 Gilberto,
1895 1401 2205 1481 quondam
2253 1402 2388 1462 viro
2435 1420 2570 1474 suo,
2624 1421 2822 1462 unum

530 1482 949 1544 molendinum
1002 1484 1365 1562 aquaticum,
1423 1503 1533 1564 per
1575 1483 1933 1563 praedictum
1985 1484 2300 1544 servitium
2343 1489 2478 1557 etc.,
2535 1489 2602 1543 et
2653 1481 2823 1562 quod

531 1563 693 1625 idem
736 1563 1069 1638 Gilbertus,
1100 1563 1199 1625 die
1226 1583 1349 1643 quo
1389 1564 1585 1644 ipsam
1612 1563 2023 1645 desponsavit,
2054 1573 2119 1625 et
2159 1572 2312 1642 post,
2343 1564 2466 1624 fuit
2492 1563 2560 1624 in
2589 1565 2826 1624 seisina

531 1643 609 1705 de
650 1644 940 1724 praedicto
976 1644 1226 1706 redditu
1262 1665 1374 1725 pro
1414 1645 1705 1726 praedicto
1741 1645 2090 1706 molendino
2133 1665 2243 1724 per
2275 1665 2494 1705 manus
2537 1645 2826 1725 ejusdem

532 1725 797 1801 Thomae,
842 1734 907 1787 et
932 1725 1097 1806 quod
1140 1724 1557 1787 molendinum
1593 1726 1758 1788 idem
1795 1726 2060 1787 Thomas
2096 1733 2244 1788 tunc
2284 1726 2488 1786 tenuit
2516 1735 2586 1787 et
2619 1727 2826 1787 adhuc

532 1815 704 1868 tenet
730 1814 845 1868 etc.
949 1807 1034 1868 Et
1060 1807 1137 1868 de
1178 1806 1293 1869 hoc
1333 1809 1511 1886 ponit
1551 1826 1617 1869 se
1657 1828 1841 1888 super
1881 1809 2160 1887 patriam.
2243 1805 2328 1867 Et
2367 1806 2644 1867 Thomas
2675 1807 2830 1869 dicit

532 1887 713 1967 quod,
743 1888 1035 1968 praedicto
1056 1888 1155 1950 die
1180 1887 1383 1949 brevis
1401 1888 1731 1968 impetrati,
1757 1909 1878 1950 non
1897 1889 2100 1949 tenuit
2118 1888 2475 1968 praedictum
2502 1888 2830 1949 redditum

531 1989 641 2030 nec
670 1969 1026 2048 praedictum
1051 1969 1468 2031 molendinum
1496 1977 1607 2032 etc.
1696 1970 1780 2031 Et
1797 1969 1875 2031 de
1901 1970 2017 2031 hoc
2042 1971 2219 2048 ponit
2237 1988 2302 2031 se
2329 1989 2516 2049 super
2621 1971 2829 2031 triam.

534 2050 615 2110 Et
654 2050 792 2112 ideo
833 2052 943 2112 fiat
980 2050 1125 2112 inde
1164 2052 1371 2130 jurata
1410 2061 1523 2113 etc.
1609 2051 1691 2113 Et
1719 2052 1994 2132 Rogerus
2037 2051 2117 2112 de
2157 2051 2481 2130 Moubray,
2559 2071 2596 2112 e
2639 2051 2832 2112 tertia

535 2139 705 2212 parte
744 2151 955 2194 versus
1004 2152 1146 2192 eum
1193 2133 1403 2212 petita,
1441 2153 1550 2210 per
1595 2131 1902 2194 licentiam
1949 2133 2156 2193 reddit
2193 2130 2338 2193 inde
2372 2131 2588 2193 dotem
2629 2152 2826 2193 suam.

532 2213 681 2275 Ideo
706 2213 931 2276 habeat
967 2213 1112 2274 inde
1152 2213 1433 2274 seisinam
1462 2234 1634 2275 suam
1675 2223 1788 2275 etc.
1875 2213 2090 2289 Quoad
2116 2213 2160 2275 ,J
2161 2212 2462 2274 ohannem
2487 2211 2572 2274 de
2601 2213 2832 2292 Lythe-

532 2314 791 2374 greynes
832 2303 897 2356 et
936 2294 1212 2370 Aliciam‚
1258 2313 1510 2356 uxorem
1552 2315 1740 2370 suam,
1785 2295 1971 2356 habet
1998 2294 2161 2356 diem
2189 2315 2226 2356 a
2252 2294 2351 2355 die
2379 2294 2438 2357 S.
2473 2294 2734 2355 Hiuarii
2763 2296 2824 2354 in

532 2375 878 2455 quindecim
904 2375 1035 2437 dies
1063 2397 1173 2456 per
1197 2383 1567 2456 praeceptum
1594 2375 1846 2438 Domini
1871 2375 2071 2452 Regis.

615 2535 712 2594 93.
758 2533 991 2616 [Assise
1018 2533 1209 2594 Rolls.
1278 2532 1455 2594 Ebor.
1534 2535 1612 2592 24
1650 2532 1820 2592 Edw.
1854 2547 1894 2593 Ι.
1928 2530 2162 2673 [129ᾒ,
2195 2531 2271 2593 N.
2326 2536 2374 2606 l,
2422 2534 2582 2605 19-1,
2631 2533 2676 2592 f.
2707 2530 2820 2613 8¹2]

533 2614 745 2676 Assisa
796 2615 971 2676 venit
1021 2615 1407 2694 recognitura
1460 2614 1511 2674 si
1561 2613 1768 2674 Abbas
1825 2613 1902 2674 de
1949 2613 2087 2691 Ryv
2151 2613 2206 2672 le
2252 2612 2483 2692 injuste
2539 2623 2658 2675 etc.
2711 2613 2820 2675 dis-

534 2696 769 2757 seisivit
815 2694 1190 2757 Willelmum
1246 2695 1438 2756 filium
1494 2694 1788 2756 willelmi
1841 2693 2149 2755 Abraham
2210 2693 2286 2755 de
2341 2693 2702 2756 Naueltona
2747 2694 2820 2755 de

532 2776 722 2838 libero
761 2784 1113 2838 tenemento
1161 2796 1271 2836 suo
1317 2775 1383 2836 in
1431 2775 1492 2836 N
1494 2775 1783 2837 aueltona
1821 2784 1960 2854 post
2007 2776 2262 2855 primam
2307 2783 2418 2836 etc.
2525 2775 2612 2836 Et
2659 2774 2818 2836 unde

534 2858 809 2937 queritur
836 2858 999 2937 quod
1027 2857 1393 2919 disseiseivit
1418 2877 1560 2918 eum
1581 2857 1659 2918 de
1686 2857 1924 2919 duabus
1952 2855 2277 2939 [partibus]
2299 2855 2564 2917 duorum
2591 2877 2818 2918 mesua-

532 2940 771 3019 giorum
797 2947 864 3000 et
890 2939 1159 3019 quinque
1186 2939 1547 2999 bovatamm
1572 2945 1750 3000 terrae
1794 2985 1808 3000 .
1855 2989 1872 3006 .
1921 2983 1937 2999 .
1980 2938 2064 2998 Et
2089 2938 2299 2998 Abbas
2325 2957 2452 2999 non
2477 2939 2672 3000 venit.
2743 2937 2820 2998 Et

578 3020 785 3081 uidam
818 3019 1127 3082 Walterus
1164 3020 1241 3081 de
1289 3018 1649 3100 Brandesby
1689 3020 1864 3081 venit
1897 3026 1961 3080 et
2007 3019 2336 3098 respondet
2375 3038 2486 3098 pro
2527 3019 2818 3098 praedicto

534 3041 776 3163 abbate
798 3109 1089 3180 tanquam
1108 3103 1241 3180 ejus
1267 3101 1544 3174 ballivae,
1568 3109 1664 3162 set
1687 3100 1874 3162 nichil
1897 3100 2046 3161 dicit
2065 3120 2250 3179 quare
2277 3099 2465 3160 assisa
2488 3109 2814 3162 remaneat.

535 3182 685 3244 Ideo
712 3183 987 3262 capiatur
1010 3183 1231 3244 assisa:
1274 3191 1369 3242 set
1395 3183 1648 3261 ponitur
1672 3183 1738 3243 in
1778 3192 2118 3261 respectum
2147 3200 2336 3260 usque
2363 3181 2442 3242 ad
2475 3183 2818 3260 proximum

536 3264 869 3325 adventum
908 3273 1021 3324 etc.
1066 3283 1177 3342 pro
1224 3263 1470 3324 defectu
1517 3263 1946 3338 recognitionis
1987 3271 2120 3336 etc.,
2167 3272 2233 3323 et
2273 3262 2456 3322 etiam
2493 3263 2818 3325 summoni-

536 3345 737 3420 tionis,
763 3365 949 3424 quare
970 3344 1173 3406 nullus
1200 3344 1385 3406 venit.
1474 3343 1624 3406 Ideo
1653 3343 1998 3405 Vicecomes
2027 3353 2139 3404 etc.
2227 3342 2310 3403 Et
2324 3343 2642 3405 sciendum
2661 3343 2820 3424 quod

536 3427 722 3488 breve
748 3425 1039 3506 originale
1066 3432 1341 3487 remanet
1380 3445 1566 3505 penes
1593 3424 2026 3487 vicecomitem
2054 3432 2119 3485 et
2157 3425 2342 3486 breve
2385 3433 2603 3504 patens
2641 3445 2819 3504 penes

538 3516 775 3588 partem
830 3515 941 3569 etc.
1047 3507 1130 3568 Et
1184 3527 1528 3568 concessum
1585 3515 1680 3568 est
1732 3526 1842 3586 per
1894 3506 1938 3568 J
1941 3506 2278 3568 usticiarios
2322 3505 2489 3585 quod
2545 3506 2816 3586 Rogem-

538 3588 851 3650 Abraham
878 3597 1166 3668 sequatur
1194 3607 1305 3668 pro
1335 3587 1625 3668 praedicto
1654 3586 1964 3649 Willelmo
1992 3595 2103 3648 etc.

624 3777 721 3836 94.
768 3774 1001 3858 [Assise
1048 3775 1233 3837 RoUs,
1322 3775 1500 3836 Ebor.
1593 3778 1668 3836 33
1713 3774 1835 3836 and
1881 3777 1960 3835 34
2003 3774 2173 3835 Edw.
2224 3789 2264 3834 1.
2316 3691 2652 3915 [1306],121{
2743 3773 2820 3855 2.]

568 3939 611 3999 f.
636 3935 734 4020 5¹³]
776 3938 987 3999 Assisa
1012 3937 1183 3998 venit
1223 3939 1608 4018 recognitura
1635 3937 1686 3998 si
1716 3936 1924 3998 Abbas
1952 3935 2030 3997 de
2058 3934 2333 4014 Ryvalle,
2357 3935 2547 3997 frater
2565 3935 2818 3998 Thomas

598 4021 847 4093 rowne,2
888 4019 1077 4080 frater
1116 4018 1380 4080 Thomas
1424 4018 1502 4081 de
1544 4018 2050 4100 Wermyngtona,
2093 4017 2510 4079 commonachi
2551 4017 2814 4097 ejusdem

608 4175 629 4207 ¹
660 4175 833 4227 There
854 4176 901 4226 is
922 4175 1147 4226 another
1169 4191 1306 4240 copy
1330 4175 1387 4225 of
1409 4175 1519 4225 this
1542 4190 1620 4224 re-
1741 4175 1796 4225 It
1816 4175 1992 4224 varies
2014 4175 2072 4224 in
2092 4189 2126 4224 a
2148 4173 2253 4224 few
2273 4173 2597 4239 particulare
2617 4173 2674 4224 of
2691 4189 2812 4239 very

544 4240 673 4292 cord
710 4241 933 4292 marked
969 4257 1029 4291 as
1062 4257 1219 4290 amon
1290 4241 1383 4291 the
1417 4240 1628 4290 Placita
1742 4239 1916 4290 minor
1965 4241 2297 4304 importance
2341 4239 2481 4289 from
2525 4239 2669 4292 this:
2723 4239 2812 4288 but

544 4307 612 4357 de
645 4305 762 4367 Quo
795 4307 1087 4356 Warranto
1120 4305 1177 4356 of
1209 4255 1304 4357 ἄιε
1336 4321 1467 4371 year
1500 4306 1628 4356 here
1743 4305 1896 4355 there
1939 4320 2040 4355 can
2083 4305 2149 4354 be
2191 4320 2262 4354 no
2308 4303 2480 4355 doubt
2521 4305 2648 4356 that
2687 4305 2733 4355 it
2773 4305 2812 4353 is

544 4371 808 4436 assigned,
862 4371 1124 4438 although
1180 4371 1209 4421 I
1264 4387 1352 4422 see
1406 4370 1437 4421 1
1491 4371 1629 4421 have
1743 4370 2054 4434 essentially
2076 4369 2170 4419 the
2193 4385 2337 4420 same
2359 4369 2662 4420 document.

544 4437 764 4502 queried
798 4436 891 4488 the
918 4443 1243 4487 correctness
1269 4435 1325 4486 of
1360 4436 1452 4487 the
1482 4437 1622 4486 title.
1809 4433 1832 4466 ²
1869 4435 2066 4486 Braim
2088 4435 2142 4485 in
2165 4433 2261 4485 the
2282 4434 2440 4485 other
2459 4451 2611 4501 copy.
