3075 5009
1201 497 1555 547 Arrsumx,
2400 481 2523 545 371

237 650 500 733 eligatur
528 660 592 715 et
611 660 876 734 ponatur
902 673 1167 715 assensu.
1239 653 1307 715 Si
1327 660 1531 716 autem
1560 652 1676 714 hoc
1705 654 1835 716 sine
1856 653 2137 715 scandalo
2166 674 2295 715 esse
2321 652 2529 733 nequi-

236 735 414 809 verit,
447 734 690 797 ordinet
714 735 995 797 Antistes
1024 734 1334 797 ecclesiam
1363 735 1522 796 sicut
1550 734 1765 796 melius
1807 756 1939 796 eam
1968 735 2298 797 secundum
2326 733 2531 795 Deum

236 816 465 876 viderit
505 816 924 878 ordinandam.
1009 816 1184 878 Idem
1225 816 1411 877 etiam
1451 817 1653 897 ipsum
1696 817 1894 892 faciat,
1926 817 1978 877 si
2006 816 2083 879 de
2124 818 2261 897 jure
2288 824 2531 896 patron-

235 908 375 958 atus
407 897 662 977 quaestio
692 898 859 959 inter
897 898 1132 977 aliquos
1161 898 1493 974 emerserit,
1522 898 1576 959 si
1605 895 1707 980 [ab
1736 896 1869 981 illo]
1912 898 2008 960 cui
2036 904 2343 979 competat
2369 896 2532 958 infra

234 976 394 1039 duos
420 997 658 1041 menses
684 999 808 1040 non
836 978 1022 1041 fuerit
1040 978 1382 1040 diffinitum.

325 1156 416 1215 19.
464 1170 674 1215 xxvn.
725 1154 882 1229 Quia
907 1155 972 1215 in
1001 1161 1242 1215 tantum
1271 1153 1653 1233 quorundam
1681 1153 1973 1233 processit
1998 1154 2253 1216 ambitio
2282 1161 2353 1215 ut
2379 1152 2531 1215 duas

236 1235 338 1296 vel
379 1243 523 1309 tres,
554 1245 649 1297 set
690 1244 754 1296 et
793 1256 902 1296 sex
943 1244 1008 1296 et
1047 1235 1250 1314 plures
1292 1234 1784 1317 per[h]ibeantur
1810 1234 2033 1297 habere
2074 1235 2367 1310 ecclesias,
2392 1254 2530 1295 cum

235 1336 351 1377 nec
387 1316 624 1377 duabus
652 1317 890 1396 possint
929 1316 1198 1377 debitam
1227 1317 1636 1396 provisionem
1674 1316 2043 1396 impendere,
2074 1336 2182 1397 per
2208 1317 2427 1377 fratres
2468 1321 2533 1376 et

237 1397 550 1477 episcopos
605 1406 847 1459 nostros
899 1398 1014 1459 hoc
1063 1397 1372 1461 emendari
1418 1399 1848 1478 praecipimus,1
1893 1406 1957 1459 et
2003 1398 2081 1459 de
2136 1396 2533 1459 multitudine

237 1480 572 1541 canonibus
621 1480 884 1554 inimica,
934 1499 1069 1559 quse
1118 1479 1533 1541 dissolutionis
1584 1488 1648 1540 et
1688 1479 2027 1559 vagationis
2071 1479 2390 1540 materiam
2444 1477 2533 1538 in-

235 1560 427 1635 ducit,
459 1567 524 1621 et
551 1568 785 1622 certum
813 1562 1086 1622 continet
1117 1560 1456 1621 animarum
1485 1560 1838 1641 periculum,
1869 1568 1936 1621 et
1962 1561 2050 1622 eis
2067 1561 2093 1600 ²
2134 1561 2239 1639 qui
2268 1558 2533 1621 ecclesiis

239 1641 546 1703 deservire
573 1641 819 1704 valeant
846 1642 1156 1723 assignari,
1182 1649 1255 1703 ut
1281 1660 1492 1703 eorum
1522 1642 1715 1722 possit
1741 1642 2083 1723 indigentia
2106 1640 2425 1703 sublevari.

326 1832 420 1890 20.
466 1844 708 1889 XXVIII.
753 1828 912 1891 Cum
954 1829 1288 1909 Apostolus
1331 1850 1394 1890 se
1438 1836 1502 1890 et
1544 1850 1685 1891 suos
1726 1829 2008 1889 manibus
2049 1828 2309 1909 propriis
2336 1828 2537 1888 decre-

237 1910 404 1972 verit
431 1908 826 1985 exhibendos,
848 1918 922 1971 ut
948 1911 1149 1972 locum
1179 1910 1548 1990 praedicandi
1578 1910 1846 1972 auferret
1878 1908 2442 1990 pseudo—apostolis,
2472 1914 2537 1969 et

238 1991 379 2052 aliis
427 1992 649 2071 quibus
698 1992 1069 2072 praedicabat
1110 2012 1233 2053 non
1279 1994 1572 2054 existeret
1620 1995 1958 2067 onerosus,³
2000 1994 2221 2071 prave4
2260 1990 2443 2051 nimis
2472 1996 2538 2050 et

239 2072 668 2134 emendatione
712 2094 842 2134 esse
893 2074 1150 2153 dignum
1197 2074 1551 2149 dinoscitur,
1586 2074 1750 2153 quod
1792 2072 2042 2153 quidam
2070 2072 2357 2133 Fratrum
2404 2090 2539 2132 nos—

237 2162 480 2216 trorum
521 2153 1051 2233 (lo-episcoporum
1099 2155 1188 2215 ita
1241 2176 1457 2235 graves
1510 2156 1579 2215 in
1626 2156 2051 2233 procuratione
2100 2154 2363 2215 subditis
2412 2152 2537 2213 suis

235 2236 537 2310 existunt,
565 2242 655 2311 ut,
687 2256 799 2316 pro
839 2234 1198 2316 hujusmodi
1239 2257 1417 2297 causa
1457 2236 1771 2297 interdum
1812 2236 2201 2297 ornamenta⁶
2245 2232 2409 2317 [101‘]
2448 2253 2539 2296 ec-

235 2317 578 2379 clesiastica
626 2316 904 2378 subditos
961 2337 1263 2396 exponere
1319 2316 1705 2397 compellant,
1752 2325 1826 2378 ut
1880 2316 2047 2396 longi
2088 2316 2379 2395 temporis
2420 2316 2539 2375 vic-

237 2406 379 2460 tum
421 2399 623 2460 brevis
664 2397 816 2459 hora
845 2405 1176 2459 consumat.
1263 2398 1574 2475 Quocirca,
1607 2398 1893 2478 praesenti
1923 2398 2167 2459 decreto
2209 2396 2539 2457 statuimus

240 2479 410 2561 quod
470 2479 929 2560 Archiepiscopi
1000 2500 1110 2559 per
1178 2480 1527 2559 parrochias
1594 2478 1949 2551 visitandas,
2007 2498 2119 2557 pro
2179 2477 2538 2539 diversitate

239 2561 714 2642 provinciarum,
745 2560 812 2621 xl
838 2561 936 2622 vel
964 2561 987 2621 l
1016 2562 1346 2622 evectionis
1384 2559 1513 2643 [sic]
1544 2560 1811 2621 habeant
1850 2580 2173 2621 numerum
2196 2582 2213 2635 3
2254 2558 2538 2639 Episcopi

242 2663 392 2704 vero
419 2664 508 2703 xx
536 2649 644 2703 aut
670 2663 844 2717 xxx3
886 2642 1241 2703 Cardinales
1289 2662 1436 2703 vero
1484 2663 1573 2702 xx
1616 2651 1724 2703 aut
1771 2661 1900 2701 xxv
1948 2660 2329 2721 nequaquam
2371 2659 2541 2701 exce-

237 2724 440 2800 dant3
481 2723 912 2785 Archidiaconi
940 2743 981 2783 v
1009 2724 1106 2784 vel
1151 2724 1278 2799 vii;
1319 2724 1553 2784 Decani
1594 2742 1739 2784 vero
1784 2722 2104 2783 constituti
2150 2721 2263 2782 sub
2304 2720 2451 2800 ipsis
2491 2720 2537 2781 ii

241 2806 419 2885 equis
439 2807 709 2866 contenti
731 2806 1040 2866 existant:
1085 2825 1196 2865 nec
1217 2825 1354 2866 cum
1383 2804 1633 2865 canibus
1661 2801 2044 2885 venatori[i]s
2062 2803 2536 2883 proficiscantur,

241 2895 359 2948 aut
385 2886 598 2948 avibus
621 2909 639 2961 ;
680 2893 778 2948 set
801 2886 892 2948 ita
918 2886 1252 2967 procedant
1279 2896 1352 2947 ut
1378 2906 1504 2947 non
1531 2905 1669 2965 quse
1709 2905 1821 2947 sua
1860 2894 2021 2959 sunt,
2056 2894 2151 2946 set
2177 2905 2313 2964 quse
2340 2884 2385 2945 J
2386 2884 2540 2945 hesu

239 2967 480 3030 Christi
527 2967 856 3029 videantur
909 2988 1194 3047 quaerere.
1304 2967 1709 3031 Prohibemus
1757 2966 1941 3027 etiam
1970 2986 2049 3027 ne
2076 2966 2356 3027 subditos
2398 2984 2539 3026 suos

239 3048 457 3110 tailliis
483 3048 584 3110 vel
617 3049 1038 3111 exactionibus
1067 3048 1352 3128 Episcopi
1396 3069 1651 3129 gravare
1697 3055 2085 3129 praesumant.
2196 3048 2537 3108 Statuimus

239 3131 434 3193 etiam
464 3150 574 3210 pro
601 3130 810 3191 multis
838 3131 1304 3192 necessitatibus
1332 3151 1467 3210 quse
1493 3130 1860 3209 aliquotiens
1902 3129 2355 3208 superveniunt,
2386 3136 2461 3190 ut
2488 3128 2541 3189 si

241 3212 574 3273 manifesta
629 3219 694 3273 et
748 3210 1126 3273 rationabilis
1183 3231 1364 3273 causa
1418 3212 1663 3287 existat,
1721 3211 1787 3272 in
1843 3211 2099 3272 caritate
2152 3210 2538 3272 moderatum

243 3293 494 3355 valeant
520 3293 597 3353 ab
624 3294 772 3372 ipsis
801 3293 1097 3355 auxilium
1133 3293 1456 3371 postulare.
1543 3292 1701 3355 Cum
1750 3300 1955 3353 tamen
1998 3292 2163 3354 dicat
2203 3290 2539 3372 Apostolus

239 3395 372 3437 non
413 3374 642 3436 debent
655 3375 681 3414 ⁶
723 3374 834 3436 filii
862 3395 1224 3455 congregare
1253 3374 1624 3454 parentibus,
1656 3381 1751 3436 set
1777 3382 2060 3454 parentes
2087 3373 2243 3449 filiis,
2275 3372 2538 3433 multum

243 3457 428 3537 longe
470 3457 655 3517 etiam
697 3476 734 3517 a
773 3462 1028 3537 paterna
1065 3457 1296 3535 pietate
1339 3454 1585 3517 videtur
1620 3455 1670 3516 si
1713 3455 2036 3535 Praepositi
2080 3455 2371 3535 subjectis
2412 3454 2538 3514 suis

240 3558 464 3619 graves
532 3538 818 3614 existant,
879 3557 1030 3618 quos
1098 3538 1164 3598 in
1233 3538 1466 3599 cunctis
1536 3537 1998 3598 necessitatibus
2054 3536 2315 3616 posteris
2369 3554 2537 3595 more

243 3626 572 3701 parentum
611 3618 840 3680 debent
877 3618 1135 3681 fovere.⁷
1215 3618 1645 3680 Archidiaconi
1688 3638 1849 3694 vern,
1886 3618 2016 3679 sive
2059 3618 2307 3691 Decani‚
2338 3615 2539 3678 nullas

241 3701 597 3762 exactiones
645 3702 774 3761 sive
821 3700 1045 3761 taillias
1092 3700 1158 3760 in
1209 3700 1575 3780 presbiteros
1624 3719 1731 3761 seu
1781 3699 2023 3760 clericos
2072 3718 2351 3761 exercere
2392 3718 2540 3778 prae·

243 3788 509 3844 sumant.
597 3781 757 3843 Sane
798 3781 876 3843 de
930 3781 1223 3862 praedicto
1275 3801 1531 3843 numero
1582 3781 1929 3856 evectionis,
1975 3779 2308 3841 secundum
2361 3779 2539 3842 toler-

316 3912 338 3945 1
372 3912 739 3976 Proecs'pimar.
1519 3920 1542 3953 ⁶
1578 3912 1904 3966 ornamenta.

315 3977 338 4009 ¹¹
369 3978 467 4029 An
487 3979 598 4029 this
631 3978 796 4029 latter
889 3982 944 4029 rt
976 3978 1034 4029 of
1076 3978 1171 4029 the
1202 3994 1339 4044 copy
1519 4016 1543 4049 ⁶

247 4045 298 4095 is
331 4060 392 4094 so
423 4043 704 4109 obviously
739 4044 806 4094 de
831 4044 1001 4094 ective
1029 4060 1092 4094 or
1122 4049 1340 4110 corrupt
1572 4018 1629 4069 D
1632 4016 1786 4068 ‘hm'

246 4110 376 4161 that
391 4110 545 4161 there
566 4125 734 4160 seems
758 4114 817 4160 to
835 4110 904 4160 be
924 4125 994 4160 no
1010 4110 1256 4176 opening,
1279 4125 1339 4160 or
1517 4107 1540 4141 ⁷
1575 4106 1704 4158 This
1791 4106 1839 4156 is
1930 4104 2209 4170 obviously
2296 4108 2529 4170 corrupt.

247 4175 474 4227 obvious
486 4175 795 4241 suggestion
812 4191 963 4236 even,
985 4174 1070 4225 ior
1085 4173 1338 4241 probable
1453 4172 1721 4224 Whether
1753 4172 1848 4222 the
1880 4169 2030 4221 word
2068 4168 2284 4235 posteris
2328 4170 2375 4220 is
2412 4171 2534 4220 mis-

244 4239 628 4292 ·emendation:
669 4239 777 4292 and
810 4239 904 4291 the
937 4255 1084 4291 same
1127 4240 1338 4291 remark
1453 4239 1691 4298 written,
1730 4252 1791 4287 or
1829 4252 1974 4287 some
2009 4236 2263 4301 genitive,
2306 4236 2436 4285 such
2476 4250 2537 4286 as

249 4305 679 4422 “PQZ'JQ
695 4319 854 4357 ¹³¹¹·
1446 4300 2536 4420 mxffzssaefftzdzffasshssalzss

315 4436 340 4468 ⁴
370 4436 430 4487 It
449 4436 498 4487 is
518 4452 578 4487 so
594 4409 830 4488 written.
901 4436 1142 4487 vaum
1161 4434 1340 4487 would
1451 4438 1553 4485 not
1572 4433 1739 4498 easily
1764 4431 1989 4483 decided
2009 4452 2024 4494 ;
2056 4430 2159 4481 but
2190 4430 2286 4482 the
2318 4404 2539 4498 reading

243 4518 453 4569 appear
474 4506 533 4553 to
555 4500 622 4553 be
643 4502 738 4553 the
759 4500 938 4553 better
958 4502 1196 4569 reading.
1453 4498 1690 4567 adopted
1711 4498 1894 4549 makes
1917 4512 2083 4549 sense.
