<?xml version="1.0" encoding="UTF-8"?>
<!DOCTYPE html PUBLIC "-//W3C//DTD XHTML 1.0 Transitional//EN"
    "http://www.w3.org/TR/xhtml1/DTD/xhtml1-transitional.dtd">
<html xmlns="http://www.w3.org/1999/xhtml" xml:lang="en" lang="en">
 <head>
  <title>
</title>
<meta http-equiv="Content-Type" content="text/html;charset=utf-8" />
  <meta name='ocr-system' content='tesseract 3.04.00' />
  <meta name='ocr-capabilities' content='ocr_page ocr_carea ocr_par ocr_line ocrx_word'/>
</head>
<body>
  <div class='ocr_page' id='page_1' title='image "./cartulariumabba00atkigoog_0404.png"; bbox 0 0 3075 5009; ppageno 0'>
   <div class='ocr_carea' id='block_1_1' title="bbox 880 509 2502 570">
    <p class='ocr_par' dir='ltr' id='par_1_1' title="bbox 880 509 2502 570">
     <span class='ocr_line' id='line_1_1' title="bbox 880 509 2502 570; baseline 0.001 -2"><span class='ocrx_word' id='word_1_1' title='bbox 880 519 1355 569; x_wconf 57' lang='lat' dir='ltr'><strong>cim-nmmum</strong></span> <span class='ocrx_word' id='word_1_2' title='bbox 1382 521 1850 570; x_wconf 68' lang='lat' dir='ltr'><strong>nmvmnnsr..</strong></span> <span class='ocrx_word' id='word_1_3' title='bbox 2382 509 2502 570; x_wconf 86' lang='lat'><strong>281</strong></span> 
     </span>
    </p>
   </div>
   <div class='ocr_carea' id='block_1_2' title="bbox 208 677 2510 4150">
    <p class='ocr_par' dir='ltr' id='par_1_2' title="bbox 216 677 2508 1198">
     <span class='ocr_line' id='line_1_2' title="bbox 218 677 2508 763; baseline 0 -21"><span class='ocrx_word' id='word_1_4' title='bbox 218 678 670 763; x_wconf 86' lang='lat' dir='ltr'><strong>Thormodeby</strong></span> <span class='ocrx_word' id='word_1_5' title='bbox 710 727 727 744; x_wconf 90' lang='lat'><strong>.</strong></span> <span class='ocrx_word' id='word_1_6' title='bbox 772 727 789 744; x_wconf 89' lang='lat'><strong>.</strong></span> <span class='ocrx_word' id='word_1_7' title='bbox 835 729 849 742; x_wconf 94' lang='lat'><strong>.</strong></span> <span class='ocrx_word' id='word_1_8' title='bbox 895 677 1053 742; x_wconf 89' lang='lat' dir='ltr'><strong>fecit</strong></span> <span class='ocrx_word' id='word_1_9' title='bbox 1091 679 1235 744; x_wconf 89' lang='lat' dir='ltr'><strong>Deo</strong></span> <span class='ocrx_word' id='word_1_10' title='bbox 1277 728 1292 744; x_wconf 93' lang='lat'><strong>.</strong></span> <span class='ocrx_word' id='word_1_11' title='bbox 1340 727 1355 742; x_wconf 93' lang='lat'><strong>.</strong></span> <span class='ocrx_word' id='word_1_12' title='bbox 1400 727 1417 744; x_wconf 90' lang='lat'><strong>.</strong></span> <span class='ocrx_word' id='word_1_13' title='bbox 1466 678 1548 744; x_wconf 85' lang='lat' dir='ltr'><strong>de</strong></span> <span class='ocrx_word' id='word_1_14' title='bbox 1590 679 1706 743; x_wconf 87' lang='lat' dir='ltr'><strong>illa</strong></span> <span class='ocrx_word' id='word_1_15' title='bbox 1733 699 1884 744; x_wconf 85' lang='lat' dir='ltr'><strong>acra</strong></span> <span class='ocrx_word' id='word_1_16' title='bbox 1911 680 2098 763; x_wconf 87' lang='lat' dir='ltr'><strong>prati,</strong></span> <span class='ocrx_word' id='word_1_17' title='bbox 2127 699 2280 744; x_wconf 88' lang='lat' dir='ltr'><strong>cum</strong></span> <span class='ocrx_word' id='word_1_18' title='bbox 2308 679 2508 762; x_wconf 88' lang='lat' dir='ltr'><strong>perti-</strong></span> 
     </span>
     <span class='ocr_line' id='line_1_3' title="bbox 223 764 2508 852; baseline 0 -23"><span class='ocrx_word' id='word_1_19' title='bbox 223 765 489 842; x_wconf 80' lang='lat' dir='ltr'><strong>nenciiS,</strong></span> <span class='ocrx_word' id='word_1_20' title='bbox 518 786 717 849; x_wconf 85' lang='lat' dir='ltr'><strong>quam</strong></span> <span class='ocrx_word' id='word_1_21' title='bbox 744 765 988 831; x_wconf 84' lang='lat' dir='ltr'><strong>habent</strong></span> <span class='ocrx_word' id='word_1_22' title='bbox 1016 764 1098 831; x_wconf 91' lang='lat' dir='ltr'><strong>de</strong></span> <span class='ocrx_word' id='word_1_23' title='bbox 1128 766 1298 831; x_wconf 90' lang='lat' dir='ltr'><strong>dono</strong></span> <span class='ocrx_word' id='word_1_24' title='bbox 1325 764 1649 830; x_wconf 89' lang='lat' dir='ltr'><strong>Willelmi</strong></span> <span class='ocrx_word' id='word_1_25' title='bbox 1677 767 1758 830; x_wconf 92' lang='lat' dir='ltr'><strong>de</strong></span> <span class='ocrx_word' id='word_1_26' title='bbox 1790 767 2066 852; x_wconf 87' lang='lat' dir='ltr'><strong>Loringe</strong></span> <span class='ocrx_word' id='word_1_27' title='bbox 2095 767 2167 830; x_wconf 93' lang='lat' dir='ltr'><strong>in</strong></span> <span class='ocrx_word' id='word_1_28' title='bbox 2197 765 2508 830; x_wconf 84' lang='lat' dir='ltr'><strong>Thormo·</strong></span> 
     </span>
     <span class='ocr_line' id='line_1_4' title="bbox 224 853 2508 938; baseline 0 -22"><span class='ocrx_word' id='word_1_29' title='bbox 224 853 432 938; x_wconf 89' lang='lat' dir='ltr'><strong>deby:</strong></span> <span class='ocrx_word' id='word_1_30' title='bbox 490 853 927 918; x_wconf 87' lang='lat' dir='ltr'><strong>Donationem</strong></span> <span class='ocrx_word' id='word_1_31' title='bbox 984 853 1253 938; x_wconf 88' lang='lat' dir='ltr'><strong>insuper</strong></span> <span class='ocrx_word' id='word_1_32' title='bbox 1302 903 1316 918; x_wconf 91' lang='lat'><strong>.</strong></span> <span class='ocrx_word' id='word_1_33' title='bbox 1362 903 1377 918; x_wconf 90' lang='lat'><strong>.</strong></span> <span class='ocrx_word' id='word_1_34' title='bbox 1423 902 1439 917; x_wconf 90' lang='lat'><strong>.</strong></span> <span class='ocrx_word' id='word_1_35' title='bbox 1486 873 1650 938; x_wconf 83' lang='lat' dir='ltr'><strong>quas</strong></span> <span class='ocrx_word' id='word_1_36' title='bbox 1708 854 1987 918; x_wconf 83' lang='lat' dir='ltr'><strong>Thomas</strong></span> <span class='ocrx_word' id='word_1_37' title='bbox 2045 854 2508 919; x_wconf 86' lang='lat' dir='ltr'><strong>Neunecomen</strong></span> 
     </span>
     <span class='ocr_line' id='line_1_5' title="bbox 223 938 2507 1024; baseline 0 -21"><span class='ocrx_word' id='word_1_38' title='bbox 223 940 305 1005; x_wconf 85' lang='lat' dir='ltr'><strong>de</strong></span> <span class='ocrx_word' id='word_1_39' title='bbox 333 939 783 1024; x_wconf 88' lang='lat' dir='ltr'><strong>Thormodeby</strong></span> <span class='ocrx_word' id='word_1_40' title='bbox 812 947 879 1004; x_wconf 91' lang='lat' dir='ltr'><strong>et</strong></span> <span class='ocrx_word' id='word_1_41' title='bbox 922 938 1240 1017; x_wconf 86' lang='lat' dir='ltr'><strong>Matildis,</strong></span> <span class='ocrx_word' id='word_1_42' title='bbox 1266 960 1433 1005; x_wconf 82' lang='lat' dir='ltr'><strong>uxor</strong></span> <span class='ocrx_word' id='word_1_43' title='bbox 1477 941 1618 1024; x_wconf 91' lang='lat' dir='ltr'><strong>ejus</strong></span> <span class='ocrx_word' id='word_1_44' title='bbox 1663 989 1678 1004; x_wconf 93' lang='lat'><strong>.</strong></span> <span class='ocrx_word' id='word_1_45' title='bbox 1724 989 1739 1006; x_wconf 92' lang='lat'><strong>.</strong></span> <span class='ocrx_word' id='word_1_46' title='bbox 1785 990 1799 1005; x_wconf 92' lang='lat'><strong>.</strong></span> <span class='ocrx_word' id='word_1_47' title='bbox 1845 942 2139 1006; x_wconf 86' lang='lat' dir='ltr'><strong>fecerunt</strong></span> <span class='ocrx_word' id='word_1_48' title='bbox 2181 941 2323 1005; x_wconf 92' lang='lat' dir='ltr'><strong>Deo</strong></span> <span class='ocrx_word' id='word_1_49' title='bbox 2367 989 2382 1004; x_wconf 95' lang='lat'><strong>.</strong></span> <span class='ocrx_word' id='word_1_50' title='bbox 2428 990 2444 1005; x_wconf 90' lang='lat'><strong>.</strong></span> <span class='ocrx_word' id='word_1_51' title='bbox 2491 987 2507 1004; x_wconf 94' lang='lat'><strong>.</strong></span> 
     </span>
     <span class='ocr_line' id='line_1_6' title="bbox 216 1027 2510 1111; baseline 0 -21"><span class='ocrx_word' id='word_1_52' title='bbox 216 1027 303 1090; x_wconf 87' lang='lat' dir='ltr'><strong>de</strong></span> <span class='ocrx_word' id='word_1_53' title='bbox 333 1027 585 1091; x_wconf 85' lang='lat' dir='ltr'><strong>duabus</strong></span> <span class='ocrx_word' id='word_1_54' title='bbox 613 1027 777 1091; x_wconf 85' lang='lat' dir='ltr'><strong>acris</strong></span> <span class='ocrx_word' id='word_1_55' title='bbox 808 1033 1012 1104; x_wconf 88' lang='lat' dir='ltr'><strong>terrae,</strong></span> <span class='ocrx_word' id='word_1_56' title='bbox 1043 1047 1193 1091; x_wconf 91' lang='lat' dir='ltr'><strong>cum</strong></span> <span class='ocrx_word' id='word_1_57' title='bbox 1220 1027 1659 1111; x_wconf 87' lang='lat' dir='ltr'><strong>pertinenciis,</strong></span> <span class='ocrx_word' id='word_1_58' title='bbox 1684 1027 1757 1090; x_wconf 92' lang='lat' dir='ltr'><strong>in</strong></span> <span class='ocrx_word' id='word_1_59' title='bbox 1779 1027 2260 1110; x_wconf 86' lang='lat' dir='ltr'><strong>Thormodeby.</strong></span> <span class='ocrx_word' id='word_1_60' title='bbox 2245 1050 2260 1066; x_wconf 90' lang='lat'><strong>·</strong></span> <span class='ocrx_word' id='word_1_61' title='bbox 2287 1027 2510 1091; x_wconf 89' lang='lat' dir='ltr'><strong>Dona-</strong></span> 
     </span>
     <span class='ocr_line' id='line_1_7' title="bbox 220 1113 2384 1198; baseline 0.001 -22"><span class='ocrx_word' id='word_1_62' title='bbox 220 1115 465 1178; x_wconf 88' lang='lat' dir='ltr'><strong>tionem</strong></span> <span class='ocrx_word' id='word_1_63' title='bbox 510 1113 768 1178; x_wconf 82' lang='lat' dir='ltr'><strong>etiam.</strong></span> <span class='ocrx_word' id='word_1_64' title='bbox 875 1133 1099 1197; x_wconf 80' lang='lat' dir='ltr'><strong>‚quas</strong></span> <span class='ocrx_word' id='word_1_65' title='bbox 1141 1114 1431 1198; x_wconf 82' lang='lat' dir='ltr'><strong>Rogems</strong></span> <span class='ocrx_word' id='word_1_66' title='bbox 1474 1113 1710 1180; x_wconf 89' lang='lat' dir='ltr'><strong>Santer</strong></span> <span class='ocrx_word' id='word_1_67' title='bbox 1750 1115 1832 1178; x_wconf 91' lang='lat' dir='ltr'><strong>de</strong></span> <span class='ocrx_word' id='word_1_68' title='bbox 1876 1113 2384 1198; x_wconf 89' lang='lat' dir='ltr'><strong>Thormodeby.</strong></span> 
     </span>
    </p>

    <p class='ocr_par' dir='ltr' id='par_1_3' title="bbox 208 1200 2510 4150">
     <span class='ocr_line' id='line_1_8' title="bbox 222 1200 2509 1287; baseline 0 -25"><span class='ocrx_word' id='word_1_69' title='bbox 222 1201 376 1266; x_wconf 81' lang='lat' dir='ltr'><strong>fecit</strong></span> <span class='ocrx_word' id='word_1_70' title='bbox 403 1200 604 1265; x_wconf 87' lang='lat' dir='ltr'><strong>Dec.</strong></span> <span class='ocrx_word' id='word_1_71' title='bbox 712 1201 854 1266; x_wconf 78' lang='lat' dir='ltr'><strong>,de</strong></span> <span class='ocrx_word' id='word_1_72' title='bbox 885 1222 1016 1265; x_wconf 91' lang='lat' dir='ltr'><strong>una</strong></span> <span class='ocrx_word' id='word_1_73' title='bbox 1057 1201 1214 1265; x_wconf 87' lang='lat' dir='ltr'><strong>roda</strong></span> <span class='ocrx_word' id='word_1_74' title='bbox 1257 1209 1324 1265; x_wconf 91' lang='lat' dir='ltr'><strong>et</strong></span> <span class='ocrx_word' id='word_1_75' title='bbox 1366 1221 1481 1265; x_wconf 85' lang='lat' dir='ltr'><strong>sex</strong></span> <span class='ocrx_word' id='word_1_76' title='bbox 1524 1201 1855 1284; x_wconf 85' lang='lat' dir='ltr'><strong>perticatis</strong></span> <span class='ocrx_word' id='word_1_77' title='bbox 1898 1201 2087 1287; x_wconf 88' lang='lat' dir='ltr'><strong>prati,</strong></span> <span class='ocrx_word' id='word_1_78' title='bbox 2116 1220 2268 1265; x_wconf 91' lang='lat' dir='ltr'><strong>cum</strong></span> <span class='ocrx_word' id='word_1_79' title='bbox 2311 1201 2509 1284; x_wconf 88' lang='lat' dir='ltr'><strong>perti·</strong></span> 
     </span>
     <span class='ocr_line' id='line_1_9' title="bbox 220 1287 2508 1372; baseline 0.001 -22"><span class='ocrx_word' id='word_1_80' title='bbox 220 1288 487 1364; x_wconf 80' lang='lat' dir='ltr'><strong>nenciiS,</strong></span> <span class='ocrx_word' id='word_1_81' title='bbox 530 1287 603 1350; x_wconf 92' lang='lat' dir='ltr'><strong>in</strong></span> <span class='ocrx_word' id='word_1_82' title='bbox 644 1287 1133 1372; x_wconf 88' lang='lat' dir='ltr'><strong>Thormodeby:</strong></span> <span class='ocrx_word' id='word_1_83' title='bbox 1186 1287 1682 1352; x_wconf 69' lang='lat' dir='ltr'><strong>concessionem</strong></span> <span class='ocrx_word' id='word_1_84' title='bbox 1725 1289 2009 1372; x_wconf 82' lang='lat' dir='ltr'>insuper,</span> <span class='ocrx_word' id='word_1_85' title='bbox 2062 1288 2508 1353; x_wconf 81' lang='lat' dir='ltr'><strong>remissionem</strong></span> 
     </span>
     <span class='ocr_line' id='line_1_10' title="bbox 214 1373 2508 1458; baseline 0 -20"><span class='ocrx_word' id='word_1_86' title='bbox 214 1381 287 1439; x_wconf 86' lang='lat' dir='ltr'><strong>et</strong></span> <span class='ocrx_word' id='word_1_87' title='bbox 331 1376 621 1458; x_wconf 80' lang='lat' dir='ltr'><strong>quietam</strong></span> <span class='ocrx_word' id='word_1_88' title='bbox 648 1374 1074 1439; x_wconf 85' lang='lat' dir='ltr'><strong>clamanciam</strong></span> <span class='ocrx_word' id='word_1_89' title='bbox 1102 1394 1264 1458; x_wconf 88' lang='lat' dir='ltr'><strong>quas</strong></span> <span class='ocrx_word' id='word_1_90' title='bbox 1292 1373 1666 1440; x_wconf 88' lang='lat' dir='ltr'><strong>Willelmus</strong></span> <span class='ocrx_word' id='word_1_91' title='bbox 1697 1374 1778 1440; x_wconf 90' lang='lat' dir='ltr'><strong>de</strong></span> <span class='ocrx_word' id='word_1_92' title='bbox 1807 1375 2099 1457; x_wconf 78' lang='lat' dir='ltr'><strong>Boyvile,</strong></span> <span class='ocrx_word' id='word_1_93' title='bbox 2127 1374 2384 1451; x_wconf 61' lang='lat' dir='ltr'><strong>miles„</strong></span> <span class='ocrx_word' id='word_1_94' title='bbox 2429 1423 2444 1439; x_wconf 93' lang='lat'><strong>.</strong></span> <span class='ocrx_word' id='word_1_95' title='bbox 2491 1423 2508 1438; x_wconf 90' lang='lat'><strong>.</strong></span> 
     </span>
     <span class='ocr_line' id='line_1_11' title="bbox 220 1461 2509 1539; baseline 0.001 -17"><span class='ocrx_word' id='word_1_96' title='bbox 220 1461 374 1526; x_wconf 86' lang='lat' dir='ltr'><strong>fecit</strong></span> <span class='ocrx_word' id='word_1_97' title='bbox 402 1462 544 1526; x_wconf 90' lang='lat' dir='ltr'><strong>Deo</strong></span> <span class='ocrx_word' id='word_1_98' title='bbox 587 1511 605 1528; x_wconf 85' lang='lat'><strong>.</strong></span> <span class='ocrx_word' id='word_1_99' title='bbox 650 1509 665 1525; x_wconf 92' lang='lat'><strong>.</strong></span> <span class='ocrx_word' id='word_1_100' title='bbox 711 1510 727 1526; x_wconf 89' lang='lat'><strong>.</strong></span> <span class='ocrx_word' id='word_1_101' title='bbox 775 1461 855 1526; x_wconf 85' lang='lat' dir='ltr'><strong>de</strong></span> <span class='ocrx_word' id='word_1_102' title='bbox 885 1461 1185 1526; x_wconf 90' lang='lat' dir='ltr'><strong>omnibus</strong></span> <span class='ocrx_word' id='word_1_103' title='bbox 1214 1462 1400 1526; x_wconf 87' lang='lat' dir='ltr'><strong>terris</strong></span> <span class='ocrx_word' id='word_1_104' title='bbox 1428 1468 1497 1527; x_wconf 92' lang='lat' dir='ltr'><strong>et</strong></span> <span class='ocrx_word' id='word_1_105' title='bbox 1524 1463 1914 1527; x_wconf 73' lang='lat' dir='ltr'><strong>tenementis</strong></span> <span class='ocrx_word' id='word_1_106' title='bbox 1943 1462 2096 1539; x_wconf 89' lang='lat' dir='ltr'><strong>suis,</strong></span> <span class='ocrx_word' id='word_1_107' title='bbox 2120 1482 2271 1526; x_wconf 89' lang='lat' dir='ltr'><strong>cum</strong></span> <span class='ocrx_word' id='word_1_108' title='bbox 2299 1461 2509 1526; x_wconf 89' lang='lat' dir='ltr'><strong>omni-</strong></span> 
     </span>
     <span class='ocr_line' id='line_1_12' title="bbox 218 1547 2508 1632; baseline 0 -21"><span class='ocrx_word' id='word_1_109' title='bbox 218 1549 340 1612; x_wconf 87' lang='lat' dir='ltr'><strong>bus</strong></span> <span class='ocrx_word' id='word_1_110' title='bbox 397 1547 833 1631; x_wconf 74' lang='lat' dir='ltr'><strong>pertinenciis,</strong></span> <span class='ocrx_word' id='word_1_111' title='bbox 890 1547 1300 1612; x_wconf 76' lang='lat' dir='ltr'><strong>libertatibus</strong></span> <span class='ocrx_word' id='word_1_112' title='bbox 1348 1556 1415 1612; x_wconf 91' lang='lat' dir='ltr'><strong>et</strong></span> <span class='ocrx_word' id='word_1_113' title='bbox 1466 1549 1867 1613; x_wconf 88' lang='lat' dir='ltr'><strong>aisiamentis</strong></span> <span class='ocrx_word' id='word_1_114' title='bbox 1917 1569 2064 1632; x_wconf 82' lang='lat' dir='ltr'><strong>quae</strong></span> <span class='ocrx_word' id='word_1_115' title='bbox 2123 1548 2508 1624; x_wconf 90' lang='lat' dir='ltr'><strong>habuerunt,</strong></span> 
     </span>
     <span class='ocr_line' id='line_1_13' title="bbox 216 1633 2507 1720; baseline 0.001 -23"><span class='ocrx_word' id='word_1_116' title='bbox 216 1635 389 1698; x_wconf 80' lang='lat' dir='ltr'><strong>infra</strong></span> <span class='ocrx_word' id='word_1_117' title='bbox 420 1635 647 1698; x_wconf 83' lang='lat' dir='ltr'><strong>villam</strong></span> <span class='ocrx_word' id='word_1_118' title='bbox 675 1642 742 1700; x_wconf 89' lang='lat' dir='ltr'><strong>et</strong></span> <span class='ocrx_word' id='word_1_119' title='bbox 786 1641 971 1700; x_wconf 84' lang='lat' dir='ltr'><strong>extra</strong></span> <span class='ocrx_word' id='word_1_120' title='bbox 1003 1633 1085 1700; x_wconf 90' lang='lat' dir='ltr'><strong>de</strong></span> <span class='ocrx_word' id='word_1_121' title='bbox 1113 1635 1526 1720; x_wconf 84' lang='lat' dir='ltr'><strong>Thormotby,</strong></span> <span class='ocrx_word' id='word_1_122' title='bbox 1556 1635 1638 1699; x_wconf 90' lang='lat' dir='ltr'><strong>de</strong></span> <span class='ocrx_word' id='word_1_123' title='bbox 1681 1636 1868 1700; x_wconf 89' lang='lat' dir='ltr'><strong>feodo</strong></span> <span class='ocrx_word' id='word_1_124' title='bbox 1909 1637 2118 1719; x_wconf 89' lang='lat' dir='ltr'><strong>ipsius</strong></span> <span class='ocrx_word' id='word_1_125' title='bbox 2146 1634 2507 1700; x_wconf 81' lang='lat' dir='ltr'><strong>willelmi:</strong></span> 
     </span>
     <span class='ocr_line' id='line_1_14' title="bbox 216 1721 2510 1806; baseline 0.001 -22"><span class='ocrx_word' id='word_1_126' title='bbox 216 1722 653 1786; x_wconf 87' lang='lat' dir='ltr'><strong>Donationem</strong></span> <span class='ocrx_word' id='word_1_127' title='bbox 683 1721 897 1801; x_wconf 86' lang='lat' dir='ltr'><strong>etiam,</strong></span> <span class='ocrx_word' id='word_1_128' title='bbox 927 1770 943 1786; x_wconf 89' lang='lat'><strong>.</strong></span> <span class='ocrx_word' id='word_1_129' title='bbox 976 1771 993 1788; x_wconf 89' lang='lat'><strong>.</strong></span> <span class='ocrx_word' id='word_1_130' title='bbox 1023 1772 1037 1786; x_wconf 94' lang='lat'><strong>.</strong></span> <span class='ocrx_word' id='word_1_131' title='bbox 1070 1743 1233 1806; x_wconf 89' lang='lat' dir='ltr'><strong>quas</strong></span> <span class='ocrx_word' id='word_1_132' title='bbox 1262 1722 1460 1806; x_wconf 85' lang='lat' dir='ltr'><strong>Hugo</strong></span> <span class='ocrx_word' id='word_1_133' title='bbox 1488 1721 1664 1786; x_wconf 89' lang='lat' dir='ltr'><strong>filius</strong></span> <span class='ocrx_word' id='word_1_134' title='bbox 1685 1723 1918 1788; x_wconf 84' lang='lat' dir='ltr'><strong>Aliciae</strong></span> <span class='ocrx_word' id='word_1_135' title='bbox 1946 1723 2028 1788; x_wconf 90' lang='lat' dir='ltr'><strong>de</strong></span> <span class='ocrx_word' id='word_1_136' title='bbox 2057 1723 2510 1806; x_wconf 82' lang='lat' dir='ltr'><strong>Thormodeby</strong></span> 
     </span>
     <span class='ocr_line' id='line_1_15' title="bbox 217 1809 2509 1893; baseline -0 -20"><span class='ocrx_word' id='word_1_137' title='bbox 217 1860 231 1873; x_wconf 92' lang='lat'><strong>.</strong></span> <span class='ocrx_word' id='word_1_138' title='bbox 278 1858 293 1872; x_wconf 90' lang='lat'><strong>.</strong></span> <span class='ocrx_word' id='word_1_139' title='bbox 342 1858 357 1873; x_wconf 93' lang='lat'><strong>.</strong></span> <span class='ocrx_word' id='word_1_140' title='bbox 402 1809 559 1873; x_wconf 83' lang='lat' dir='ltr'><strong>fecit</strong></span> <span class='ocrx_word' id='word_1_141' title='bbox 587 1809 729 1874; x_wconf 89' lang='lat' dir='ltr'><strong>Deo</strong></span> <span class='ocrx_word' id='word_1_142' title='bbox 776 1857 791 1874; x_wconf 92' lang='lat'><strong>.</strong></span> <span class='ocrx_word' id='word_1_143' title='bbox 836 1859 852 1874; x_wconf 91' lang='lat'><strong>.</strong></span> <span class='ocrx_word' id='word_1_144' title='bbox 896 1859 911 1874; x_wconf 89' lang='lat'><strong>.</strong></span> <span class='ocrx_word' id='word_1_145' title='bbox 958 1809 1041 1873; x_wconf 91' lang='lat' dir='ltr'><strong>de</strong></span> <span class='ocrx_word' id='word_1_146' title='bbox 1085 1815 1225 1874; x_wconf 85' lang='lat' dir='ltr'><strong>tota</strong></span> <span class='ocrx_word' id='word_1_147' title='bbox 1265 1817 1436 1874; x_wconf 86' lang='lat' dir='ltr'><strong>terra</strong></span> <span class='ocrx_word' id='word_1_148' title='bbox 1477 1829 1598 1874; x_wconf 89' lang='lat' dir='ltr'><strong>sua</strong></span> <span class='ocrx_word' id='word_1_149' title='bbox 1626 1829 1821 1893; x_wconf 87' lang='lat' dir='ltr'><strong>quam</strong></span> <span class='ocrx_word' id='word_1_150' title='bbox 1869 1810 2102 1874; x_wconf 86' lang='lat' dir='ltr'><strong>habuit</strong></span> <span class='ocrx_word' id='word_1_151' title='bbox 2135 1811 2208 1873; x_wconf 94' lang='lat' dir='ltr'><strong>in</strong></span> <span class='ocrx_word' id='word_1_152' title='bbox 2237 1809 2398 1873; x_wconf 86' lang='lat' dir='ltr'><strong>villa</strong></span> <span class='ocrx_word' id='word_1_153' title='bbox 2425 1809 2509 1873; x_wconf 90' lang='lat' dir='ltr'><strong>de</strong></span> 
     </span>
     <span class='ocr_line' id='line_1_16' title="bbox 214 1895 2506 1982; baseline 0.002 -24"><span class='ocrx_word' id='word_1_154' title='bbox 214 1895 678 1980; x_wconf 89' lang='lat' dir='ltr'><strong>Thormodeby,</strong></span> <span class='ocrx_word' id='word_1_155' title='bbox 708 1903 777 1960; x_wconf 89' lang='lat' dir='ltr'><strong>et</strong></span> <span class='ocrx_word' id='word_1_156' title='bbox 790 1896 873 1960; x_wconf 90' lang='lat' dir='ltr'><strong>de</strong></span> <span class='ocrx_word' id='word_1_157' title='bbox 892 1902 1158 1982; x_wconf 81' lang='lat' dir='ltr'><strong>pastura</strong></span> <span class='ocrx_word' id='word_1_158' title='bbox 1174 1897 1257 1960; x_wconf 92' lang='lat' dir='ltr'><strong>ad</strong></span> <span class='ocrx_word' id='word_1_159' title='bbox 1288 1915 1493 1960; x_wconf 91' lang='lat' dir='ltr'><strong>unum</strong></span> <span class='ocrx_word' id='word_1_160' title='bbox 1510 1897 1746 1962; x_wconf 85' lang='lat' dir='ltr'><strong>bovem</strong></span> <span class='ocrx_word' id='word_1_161' title='bbox 1767 1896 1876 1961; x_wconf 87' lang='lat' dir='ltr'><strong>vel</strong></span> <span class='ocrx_word' id='word_1_162' title='bbox 1903 1916 2166 1962; x_wconf 88' lang='lat' dir='ltr'><strong>vaccam</strong></span> <span class='ocrx_word' id='word_1_163' title='bbox 2188 1897 2259 1960; x_wconf 90' lang='lat' dir='ltr'><strong>in</strong></span> <span class='ocrx_word' id='word_1_164' title='bbox 2288 1897 2506 1962; x_wconf 89' lang='lat' dir='ltr'><strong>West-</strong></span> 
     </span>
     <span class='ocr_line' id='line_1_17' title="bbox 214 1982 2506 2058; baseline 0.001 -14"><span class='ocrx_word' id='word_1_165' title='bbox 214 1982 404 2058; x_wconf 88' lang='lat' dir='ltr'><strong>felde,</strong></span> <span class='ocrx_word' id='word_1_166' title='bbox 450 1990 518 2047; x_wconf 89' lang='lat' dir='ltr'><strong>et</strong></span> <span class='ocrx_word' id='word_1_167' title='bbox 568 1982 649 2046; x_wconf 92' lang='lat' dir='ltr'><strong>de</strong></span> <span class='ocrx_word' id='word_1_168' title='bbox 694 2003 913 2048; x_wconf 89' lang='lat' dir='ltr'><strong>annuo</strong></span> <span class='ocrx_word' id='word_1_169' title='bbox 963 1983 1221 2048; x_wconf 87' lang='lat' dir='ltr'><strong>redditu</strong></span> <span class='ocrx_word' id='word_1_170' title='bbox 1268 1984 1465 2048; x_wconf 92' lang='lat' dir='ltr'><strong>unius</strong></span> <span class='ocrx_word' id='word_1_171' title='bbox 1515 1983 1767 2048; x_wconf 81' lang='lat' dir='ltr'><strong>denarii</strong></span> <span class='ocrx_word' id='word_1_172' title='bbox 1813 1984 1896 2048; x_wconf 90' lang='lat' dir='ltr'><strong>de</strong></span> <span class='ocrx_word' id='word_1_173' title='bbox 1942 1983 2318 2048; x_wconf 84' lang='lat' dir='ltr'><strong>Alexandro</strong></span> <span class='ocrx_word' id='word_1_174' title='bbox 2369 1983 2506 2047; x_wconf 88' lang='lat' dir='ltr'><strong>filio</strong></span> 
     </span>
     <span class='ocr_line' id='line_1_18' title="bbox 214 2067 2503 2147; baseline 0.001 -16"><span class='ocrx_word' id='word_1_175' title='bbox 214 2067 499 2134; x_wconf 89' lang='lat' dir='ltr'><strong>Dionisii</strong></span> <span class='ocrx_word' id='word_1_176' title='bbox 529 2069 824 2147; x_wconf 87' lang='lat' dir='ltr'><strong>Diaconi,</strong></span> <span class='ocrx_word' id='word_1_177' title='bbox 854 2083 921 2134; x_wconf 90' lang='lat' dir='ltr'><strong>et</strong></span> <span class='ocrx_word' id='word_1_178' title='bbox 949 2069 1031 2134; x_wconf 90' lang='lat' dir='ltr'><strong>de</strong></span> <span class='ocrx_word' id='word_1_179' title='bbox 1054 2069 1325 2134; x_wconf 85' lang='lat' dir='ltr'><strong>dimidia</strong></span> <span class='ocrx_word' id='word_1_180' title='bbox 1352 2090 1501 2135; x_wconf 89' lang='lat' dir='ltr'><strong>acra</strong></span> <span class='ocrx_word' id='word_1_181' title='bbox 1527 2076 1716 2135; x_wconf 85' lang='lat' dir='ltr'><strong>terrae</strong></span> <span class='ocrx_word' id='word_1_182' title='bbox 1745 2078 1813 2135; x_wconf 91' lang='lat' dir='ltr'><strong>et</strong></span> <span class='ocrx_word' id='word_1_183' title='bbox 1843 2071 2114 2136; x_wconf 87' lang='lat' dir='ltr'><strong>dimidia</strong></span> <span class='ocrx_word' id='word_1_184' title='bbox 2143 2071 2299 2134; x_wconf 87' lang='lat' dir='ltr'><strong>roda</strong></span> <span class='ocrx_word' id='word_1_185' title='bbox 2327 2079 2503 2136; x_wconf 88' lang='lat' dir='ltr'><strong>retro</strong></span> 
     </span>
     <span class='ocr_line' id='line_1_19' title="bbox 212 2155 2504 2241; baseline 0.001 -22"><span class='ocrx_word' id='word_1_186' title='bbox 212 2156 455 2219; x_wconf 88' lang='lat' dir='ltr'><strong>toftum</strong></span> <span class='ocrx_word' id='word_1_187' title='bbox 504 2155 811 2221; x_wconf 87' lang='lat' dir='ltr'><strong>Herberti</strong></span> <span class='ocrx_word' id='word_1_188' title='bbox 858 2156 923 2220; x_wconf 91' lang='lat' dir='ltr'><strong>le</strong></span> <span class='ocrx_word' id='word_1_189' title='bbox 970 2157 1274 2233; x_wconf 77' lang='lat' dir='ltr'><strong>Tainour,</strong></span> <span class='ocrx_word' id='word_1_190' title='bbox 1334 2177 1486 2222; x_wconf 92' lang='lat' dir='ltr'><strong>cum</strong></span> <span class='ocrx_word' id='word_1_191' title='bbox 1543 2157 1998 2241; x_wconf 78' lang='lat' dir='ltr'><strong>pertinenciis:</strong></span> <span class='ocrx_word' id='word_1_192' title='bbox 2065 2157 2504 2222; x_wconf 86' lang='lat' dir='ltr'><strong>Donationem</strong></span> 
     </span>
     <span class='ocr_line' id='line_1_20' title="bbox 209 2242 2506 2328; baseline 0.001 -23"><span class='ocrx_word' id='word_1_193' title='bbox 209 2242 429 2318; x_wconf 89' lang='lat' dir='ltr'><strong>etiam,</strong></span> <span class='ocrx_word' id='word_1_194' title='bbox 472 2293 489 2308; x_wconf 89' lang='lat'><strong>.</strong></span> <span class='ocrx_word' id='word_1_195' title='bbox 534 2293 547 2307; x_wconf 89' lang='lat'><strong>.</strong></span> <span class='ocrx_word' id='word_1_196' title='bbox 594 2293 609 2308; x_wconf 92' lang='lat'><strong>.</strong></span> <span class='ocrx_word' id='word_1_197' title='bbox 656 2263 818 2327; x_wconf 83' lang='lat' dir='ltr'><strong>quas</strong></span> <span class='ocrx_word' id='word_1_198' title='bbox 851 2243 1179 2309; x_wconf 84' lang='lat' dir='ltr'><strong>Walterus</strong></span> <span class='ocrx_word' id='word_1_199' title='bbox 1208 2244 1289 2308; x_wconf 90' lang='lat' dir='ltr'><strong>de</strong></span> <span class='ocrx_word' id='word_1_200' title='bbox 1334 2245 1696 2328; x_wconf 88' lang='lat' dir='ltr'><strong>Steinesby‚</strong></span> <span class='ocrx_word' id='word_1_201' title='bbox 1725 2245 1931 2322; x_wconf 73' lang='lat' dir='ltr'><strong>mileS,</strong></span> <span class='ocrx_word' id='word_1_202' title='bbox 1975 2295 1990 2309; x_wconf 90' lang='lat'><strong>.</strong></span> <span class='ocrx_word' id='word_1_203' title='bbox 2035 2293 2050 2310; x_wconf 92' lang='lat'><strong>.</strong></span> <span class='ocrx_word' id='word_1_204' title='bbox 2097 2293 2112 2308; x_wconf 94' lang='lat'><strong>.</strong></span> <span class='ocrx_word' id='word_1_205' title='bbox 2159 2245 2317 2308; x_wconf 83' lang='lat' dir='ltr'><strong>fecit</strong></span> <span class='ocrx_word' id='word_1_206' title='bbox 2360 2245 2506 2309; x_wconf 88' lang='lat' dir='ltr'><strong>Deo</strong></span> 
     </span>
     <span class='ocr_line' id='line_1_21' title="bbox 214 2328 2506 2413; baseline 0.002 -21"><span class='ocrx_word' id='word_1_207' title='bbox 214 2380 228 2392; x_wconf 92' lang='lat'><strong>.</strong></span> <span class='ocrx_word' id='word_1_208' title='bbox 278 2380 293 2394; x_wconf 90' lang='lat'><strong>.</strong></span> <span class='ocrx_word' id='word_1_209' title='bbox 340 2381 355 2395; x_wconf 90' lang='lat'><strong>.</strong></span> <span class='ocrx_word' id='word_1_210' title='bbox 404 2328 485 2394; x_wconf 90' lang='lat' dir='ltr'><strong>de</strong></span> <span class='ocrx_word' id='word_1_211' title='bbox 514 2330 767 2396; x_wconf 88' lang='lat' dir='ltr'><strong>duobus</strong></span> <span class='ocrx_word' id='word_1_212' title='bbox 793 2331 980 2395; x_wconf 82' lang='lat' dir='ltr'><strong>toftis</strong></span> <span class='ocrx_word' id='word_1_213' title='bbox 1002 2336 1069 2394; x_wconf 90' lang='lat' dir='ltr'><strong>et</strong></span> <span class='ocrx_word' id='word_1_214' title='bbox 1092 2330 1342 2396; x_wconf 88' lang='lat' dir='ltr'><strong>duabus</strong></span> <span class='ocrx_word' id='word_1_215' title='bbox 1370 2330 1627 2395; x_wconf 87' lang='lat' dir='ltr'><strong>bovatis</strong></span> <span class='ocrx_word' id='word_1_216' title='bbox 1655 2337 1862 2408; x_wconf 83' lang='lat' dir='ltr'><strong>terrae,</strong></span> <span class='ocrx_word' id='word_1_217' title='bbox 1891 2351 2040 2395; x_wconf 89' lang='lat' dir='ltr'><strong>cum</strong></span> <span class='ocrx_word' id='word_1_218' title='bbox 2068 2331 2506 2413; x_wconf 77' lang='lat' dir='ltr'><strong>pe1tinenciiS‚</strong></span> 
     </span>
     <span class='ocr_line' id='line_1_22' title="bbox 216 2416 2506 2502; baseline 0.002 -24"><span class='ocrx_word' id='word_1_219' title='bbox 216 2417 287 2479; x_wconf 88' lang='lat' dir='ltr'><strong>in</strong></span> <span class='ocrx_word' id='word_1_220' title='bbox 358 2416 737 2501; x_wconf 86' lang='lat' dir='ltr'><strong>Steinesby:</strong></span> <span class='ocrx_word' id='word_1_221' title='bbox 811 2416 1304 2483; x_wconf 71' lang='lat' dir='ltr'><strong>concessionem</strong></span> <span class='ocrx_word' id='word_1_222' title='bbox 1378 2419 1580 2483; x_wconf 86' lang='lat' dir='ltr'><strong>etiam</strong></span> <span class='ocrx_word' id='word_1_223' title='bbox 1621 2465 1636 2482; x_wconf 92' lang='lat'><strong>.</strong></span> <span class='ocrx_word' id='word_1_224' title='bbox 1684 2465 1700 2482; x_wconf 91' lang='lat'><strong>.</strong></span> <span class='ocrx_word' id='word_1_225' title='bbox 1747 2467 1762 2482; x_wconf 93' lang='lat'><strong>.</strong></span> <span class='ocrx_word' id='word_1_226' title='bbox 1807 2438 1970 2502; x_wconf 88' lang='lat' dir='ltr'><strong>quas</strong></span> <span class='ocrx_word' id='word_1_227' title='bbox 2043 2417 2364 2482; x_wconf 87' lang='lat' dir='ltr'><strong>Robertus</strong></span> <span class='ocrx_word' id='word_1_228' title='bbox 2421 2416 2506 2482; x_wconf 89' lang='lat' dir='ltr'><strong>de</strong></span> 
     </span>
     <span class='ocr_line' id='line_1_23' title="bbox 214 2501 2503 2570; baseline 0.001 -4"><span class='ocrx_word' id='word_1_229' title='bbox 214 2504 282 2566; x_wconf 91' lang='lat' dir='ltr'>N</span> <span class='ocrx_word' id='word_1_230' title='bbox 284 2501 479 2568; x_wconf 85' lang='lat' dir='ltr'><strong>eviHa</strong></span> <span class='ocrx_word' id='word_1_231' title='bbox 522 2555 537 2568; x_wconf 92' lang='lat'><strong>.</strong></span> <span class='ocrx_word' id='word_1_232' title='bbox 584 2553 598 2568; x_wconf 91' lang='lat'><strong>.</strong></span> <span class='ocrx_word' id='word_1_233' title='bbox 646 2553 661 2568; x_wconf 92' lang='lat'><strong>.</strong></span> <span class='ocrx_word' id='word_1_234' title='bbox 707 2504 865 2568; x_wconf 83' lang='lat' dir='ltr'><strong>fecit</strong></span> <span class='ocrx_word' id='word_1_235' title='bbox 893 2504 1035 2568; x_wconf 91' lang='lat' dir='ltr'><strong>Deo</strong></span> <span class='ocrx_word' id='word_1_236' title='bbox 1077 2553 1095 2568; x_wconf 93' lang='lat'><strong>.</strong></span> <span class='ocrx_word' id='word_1_237' title='bbox 1142 2555 1157 2569; x_wconf 90' lang='lat'><strong>.</strong></span> <span class='ocrx_word' id='word_1_238' title='bbox 1202 2552 1219 2568; x_wconf 90' lang='lat'><strong>.</strong></span> <span class='ocrx_word' id='word_1_239' title='bbox 1264 2504 1345 2569; x_wconf 91' lang='lat' dir='ltr'><strong>de</strong></span> <span class='ocrx_word' id='word_1_240' title='bbox 1374 2504 1628 2570; x_wconf 88' lang='lat' dir='ltr'><strong>duobus</strong></span> <span class='ocrx_word' id='word_1_241' title='bbox 1651 2505 1836 2569; x_wconf 89' lang='lat' dir='ltr'><strong>toftis</strong></span> <span class='ocrx_word' id='word_1_242' title='bbox 1867 2510 1935 2570; x_wconf 90' lang='lat' dir='ltr'><strong>et</strong></span> <span class='ocrx_word' id='word_1_243' title='bbox 1964 2505 2216 2569; x_wconf 87' lang='lat' dir='ltr'><strong>duabus</strong></span> <span class='ocrx_word' id='word_1_244' title='bbox 2246 2505 2503 2569; x_wconf 84' lang='lat' dir='ltr'><strong>bovatis</strong></span> 
     </span>
     <span class='ocr_line' id='line_1_24' title="bbox 213 2591 2506 2676; baseline 0 -22"><span class='ocrx_word' id='word_1_245' title='bbox 213 2599 420 2667; x_wconf 83' lang='lat' dir='ltr'><strong>terrae,</strong></span> <span class='ocrx_word' id='word_1_246' title='bbox 463 2611 613 2655; x_wconf 91' lang='lat' dir='ltr'><strong>cum</strong></span> <span class='ocrx_word' id='word_1_247' title='bbox 650 2591 1089 2674; x_wconf 73' lang='lat' dir='ltr'><strong>pertinenciis,</strong></span> <span class='ocrx_word' id='word_1_248' title='bbox 1132 2611 1279 2676; x_wconf 86' lang='lat' dir='ltr'><strong>quae</strong></span> <span class='ocrx_word' id='word_1_249' title='bbox 1320 2591 1693 2656; x_wconf 83' lang='lat' dir='ltr'><strong>habuerunt</strong></span> <span class='ocrx_word' id='word_1_250' title='bbox 1735 2613 1820 2656; x_wconf 85' lang='lat' dir='ltr'><strong>ex</strong></span> <span class='ocrx_word' id='word_1_251' title='bbox 1853 2591 2200 2656; x_wconf 80' lang='lat' dir='ltr'><strong>donatione</strong></span> <span class='ocrx_word' id='word_1_252' title='bbox 2228 2591 2506 2657; x_wconf 88' lang='lat' dir='ltr'><strong>Walteri</strong></span> 
     </span>
     <span class='ocr_line' id='line_1_25' title="bbox 212 2676 2504 2762; baseline 0 -22"><span class='ocrx_word' id='word_1_253' title='bbox 212 2676 297 2740; x_wconf 90' lang='lat' dir='ltr'><strong>de</strong></span> <span class='ocrx_word' id='word_1_254' title='bbox 358 2676 689 2762; x_wconf 85' lang='lat' dir='ltr'><strong>Stainisby</strong></span> <span class='ocrx_word' id='word_1_255' title='bbox 748 2677 821 2741; x_wconf 90' lang='lat' dir='ltr'><strong>in</strong></span> <span class='ocrx_word' id='word_1_256' title='bbox 878 2677 1257 2762; x_wconf 82' lang='lat' dir='ltr'><strong>Stainisby:</strong></span> <span class='ocrx_word' id='word_1_257' title='bbox 1328 2679 1770 2743; x_wconf 89' lang='lat' dir='ltr'><strong>Donationem</strong></span> <span class='ocrx_word' id='word_1_258' title='bbox 1829 2679 2112 2762; x_wconf 88' lang='lat' dir='ltr'><strong>insuper,</strong></span> <span class='ocrx_word' id='word_1_259' title='bbox 2155 2727 2170 2743; x_wconf 93' lang='lat'><strong>.</strong></span> <span class='ocrx_word' id='word_1_260' title='bbox 2215 2728 2230 2743; x_wconf 90' lang='lat'><strong>.</strong></span> <span class='ocrx_word' id='word_1_261' title='bbox 2277 2727 2293 2743; x_wconf 89' lang='lat'><strong>.</strong></span> <span class='ocrx_word' id='word_1_262' title='bbox 2340 2697 2504 2762; x_wconf 88' lang='lat' dir='ltr'><strong>quas</strong></span> 
     </span>
     <span class='ocr_line' id='line_1_26' title="bbox 216 2763 2508 2841; baseline 0.001 -15"><span class='ocrx_word' id='word_1_263' title='bbox 216 2763 591 2829; x_wconf 89' lang='lat' dir='ltr'><strong>Willelmus</strong></span> <span class='ocrx_word' id='word_1_264' title='bbox 618 2764 702 2829; x_wconf 91' lang='lat' dir='ltr'><strong>de</strong></span> <span class='ocrx_word' id='word_1_265' title='bbox 730 2765 1047 2828; x_wconf 86' lang='lat' dir='ltr'><strong>Tamtona</strong></span> <span class='ocrx_word' id='word_1_266' title='bbox 1088 2815 1103 2829; x_wconf 90' lang='lat'><strong>.</strong></span> <span class='ocrx_word' id='word_1_267' title='bbox 1152 2814 1165 2828; x_wconf 95' lang='lat'><strong>.</strong></span> <span class='ocrx_word' id='word_1_268' title='bbox 1214 2815 1228 2830; x_wconf 93' lang='lat'><strong>.</strong></span> <span class='ocrx_word' id='word_1_269' title='bbox 1273 2765 1429 2830; x_wconf 81' lang='lat' dir='ltr'><strong>fecit</strong></span> <span class='ocrx_word' id='word_1_270' title='bbox 1457 2766 1603 2830; x_wconf 94' lang='lat' dir='ltr'><strong>Deo</strong></span> <span class='ocrx_word' id='word_1_271' title='bbox 1647 2815 1661 2829; x_wconf 92' lang='lat'><strong>.</strong></span> <span class='ocrx_word' id='word_1_272' title='bbox 1708 2814 1724 2830; x_wconf 91' lang='lat'><strong>.</strong></span> <span class='ocrx_word' id='word_1_273' title='bbox 1770 2815 1786 2830; x_wconf 90' lang='lat'><strong>.</strong></span> <span class='ocrx_word' id='word_1_274' title='bbox 1830 2765 1912 2830; x_wconf 89' lang='lat' dir='ltr'><strong>de</strong></span> <span class='ocrx_word' id='word_1_275' title='bbox 1955 2771 2094 2829; x_wconf 85' lang='lat' dir='ltr'><strong>tota</strong></span> <span class='ocrx_word' id='word_1_276' title='bbox 2135 2771 2325 2841; x_wconf 89' lang='lat' dir='ltr'><strong>terra,</strong></span> <span class='ocrx_word' id='word_1_277' title='bbox 2354 2784 2508 2828; x_wconf 87' lang='lat' dir='ltr'><strong>cum</strong></span> 
     </span>
     <span class='ocr_line' id='line_1_27' title="bbox 218 2850 2506 2936; baseline 0.001 -22"><span class='ocrx_word' id='word_1_278' title='bbox 218 2851 653 2933; x_wconf 84' lang='lat' dir='ltr'><strong>pertinenciis,</strong></span> <span class='ocrx_word' id='word_1_279' title='bbox 670 2871 869 2936; x_wconf 84' lang='lat' dir='ltr'><strong>quam</strong></span> <span class='ocrx_word' id='word_1_280' title='bbox 886 2851 1099 2915; x_wconf 88' lang='lat' dir='ltr'><strong>tenuit</strong></span> <span class='ocrx_word' id='word_1_281' title='bbox 1122 2851 1203 2916; x_wconf 90' lang='lat' dir='ltr'><strong>de</strong></span> <span class='ocrx_word' id='word_1_282' title='bbox 1227 2851 1560 2916; x_wconf 84' lang='lat' dir='ltr'><strong>Willelmo</strong></span> <span class='ocrx_word' id='word_1_283' title='bbox 1582 2851 1718 2916; x_wconf 90' lang='lat' dir='ltr'><strong>filio</strong></span> <span class='ocrx_word' id='word_1_284' title='bbox 1739 2852 2083 2936; x_wconf 85' lang='lat' dir='ltr'><strong>Reginaldi</strong></span> <span class='ocrx_word' id='word_1_285' title='bbox 2106 2851 2185 2916; x_wconf 89' lang='lat' dir='ltr'><strong>de</strong></span> <span class='ocrx_word' id='word_1_286' title='bbox 2205 2850 2506 2916; x_wconf 88' lang='lat' dir='ltr'><strong>Mersche</strong></span> 
     </span>
     <span class='ocr_line' id='line_1_28' title="bbox 217 2937 2502 3024; baseline 0.001 -23"><span class='ocrx_word' id='word_1_287' title='bbox 217 2939 289 3001; x_wconf 91' lang='lat' dir='ltr'><strong>in</strong></span> <span class='ocrx_word' id='word_1_288' title='bbox 320 2938 616 3002; x_wconf 89' lang='lat' dir='ltr'><strong>Redker:</strong></span> <span class='ocrx_word' id='word_1_289' title='bbox 659 2937 1099 3002; x_wconf 89' lang='lat' dir='ltr'><strong>Donationem</strong></span> <span class='ocrx_word' id='word_1_290' title='bbox 1129 2938 1370 3016; x_wconf 83' lang='lat' dir='ltr'><strong>etiam,1</strong></span> <span class='ocrx_word' id='word_1_291' title='bbox 1391 2987 1407 3004; x_wconf 91' lang='lat'><strong>.</strong></span> <span class='ocrx_word' id='word_1_292' title='bbox 1452 2989 1469 3003; x_wconf 97' lang='lat'><strong>.</strong></span> <span class='ocrx_word' id='word_1_293' title='bbox 1514 2989 1530 3004; x_wconf 92' lang='lat'><strong>.</strong></span> <span class='ocrx_word' id='word_1_294' title='bbox 1577 2959 1740 3024; x_wconf 82' lang='lat' dir='ltr'><strong>quas</strong></span> <span class='ocrx_word' id='word_1_295' title='bbox 1769 2939 1918 3003; x_wconf 87' lang='lat' dir='ltr'><strong>Yvo</strong></span> <span class='ocrx_word' id='word_1_296' title='bbox 1946 2940 2028 3004; x_wconf 90' lang='lat' dir='ltr'><strong>de</strong></span> <span class='ocrx_word' id='word_1_297' title='bbox 2057 2939 2316 3003; x_wconf 88' lang='lat' dir='ltr'><strong>Redker</strong></span> <span class='ocrx_word' id='word_1_298' title='bbox 2358 2988 2373 3003; x_wconf 95' lang='lat'><strong>.</strong></span> <span class='ocrx_word' id='word_1_299' title='bbox 2420 2987 2436 3003; x_wconf 93' lang='lat'><strong>.</strong></span> <span class='ocrx_word' id='word_1_300' title='bbox 2484 2985 2502 3004; x_wconf 87' lang='lat'><strong>.</strong></span> 
     </span>
     <span class='ocr_line' id='line_1_29' title="bbox 218 3024 2505 3110; baseline 0 -22"><span class='ocrx_word' id='word_1_301' title='bbox 218 3025 374 3088; x_wconf 85' lang='lat' dir='ltr'><strong>fecit</strong></span> <span class='ocrx_word' id='word_1_302' title='bbox 415 3025 557 3090; x_wconf 89' lang='lat' dir='ltr'><strong>Deo</strong></span> <span class='ocrx_word' id='word_1_303' title='bbox 601 3070 616 3085; x_wconf 92' lang='lat'><strong>.</strong></span> <span class='ocrx_word' id='word_1_304' title='bbox 665 3075 681 3091; x_wconf 89' lang='lat'><strong>.</strong></span> <span class='ocrx_word' id='word_1_305' title='bbox 726 3075 743 3090; x_wconf 95' lang='lat'><strong>.</strong></span> <span class='ocrx_word' id='word_1_306' title='bbox 788 3024 870 3090; x_wconf 90' lang='lat' dir='ltr'><strong>de</strong></span> <span class='ocrx_word' id='word_1_307' title='bbox 914 3031 1053 3089; x_wconf 88' lang='lat' dir='ltr'><strong>tota</strong></span> <span class='ocrx_word' id='word_1_308' title='bbox 1094 3031 1263 3090; x_wconf 87' lang='lat' dir='ltr'><strong>terra</strong></span> <span class='ocrx_word' id='word_1_309' title='bbox 1309 3025 1441 3102; x_wconf 82' lang='lat' dir='ltr'><strong>issa,</strong></span> <span class='ocrx_word' id='word_1_310' title='bbox 1472 3046 1622 3090; x_wconf 88' lang='lat' dir='ltr'><strong>cum</strong></span> <span class='ocrx_word' id='word_1_311' title='bbox 1666 3025 2104 3110; x_wconf 85' lang='lat' dir='ltr'><strong>pertinenciis,</strong></span> <span class='ocrx_word' id='word_1_312' title='bbox 2147 3045 2294 3110; x_wconf 84' lang='lat' dir='ltr'><strong>quae</strong></span> <span class='ocrx_word' id='word_1_313' title='bbox 2328 3027 2505 3110; x_wconf 86' lang='lat' dir='ltr'><strong>jacet</strong></span> 
     </span>
     <span class='ocr_line' id='line_1_30' title="bbox 218 3110 2506 3196; baseline 0.001 -22"><span class='ocrx_word' id='word_1_314' title='bbox 218 3111 391 3176; x_wconf 89' lang='lat' dir='ltr'><strong>inter</strong></span> <span class='ocrx_word' id='word_1_315' title='bbox 418 3110 640 3176; x_wconf 89' lang='lat' dir='ltr'><strong>domos</strong></span> <span class='ocrx_word' id='word_1_316' title='bbox 684 3132 905 3176; x_wconf 90' lang='lat' dir='ltr'><strong>eorum</strong></span> <span class='ocrx_word' id='word_1_317' title='bbox 951 3110 1033 3177; x_wconf 89' lang='lat' dir='ltr'><strong>de</strong></span> <span class='ocrx_word' id='word_1_318' title='bbox 1077 3112 1387 3190; x_wconf 88' lang='lat' dir='ltr'><strong>Redeker,</strong></span> <span class='ocrx_word' id='word_1_319' title='bbox 1417 3133 1580 3196; x_wconf 84' lang='lat' dir='ltr'><strong>quas</strong></span> <span class='ocrx_word' id='word_1_320' title='bbox 1624 3113 1994 3178; x_wconf 86' lang='lat' dir='ltr'><strong>habuerunt</strong></span> <span class='ocrx_word' id='word_1_321' title='bbox 2039 3134 2120 3178; x_wconf 86' lang='lat' dir='ltr'><strong>ex</strong></span> <span class='ocrx_word' id='word_1_322' title='bbox 2157 3112 2506 3178; x_wconf 88' lang='lat' dir='ltr'><strong>donatione</strong></span> 
     </span>
     <span class='ocr_line' id='line_1_31' title="bbox 218 3197 2504 3284; baseline 0.001 -24"><span class='ocrx_word' id='word_1_323' title='bbox 218 3197 541 3263; x_wconf 83' lang='lat' dir='ltr'><strong>willelmi</strong></span> <span class='ocrx_word' id='word_1_324' title='bbox 570 3199 651 3263; x_wconf 90' lang='lat' dir='ltr'><strong>de</strong></span> <span class='ocrx_word' id='word_1_325' title='bbox 680 3198 1048 3276; x_wconf 86' lang='lat' dir='ltr'><strong>Tametona,</strong></span> <span class='ocrx_word' id='word_1_326' title='bbox 1072 3205 1139 3263; x_wconf 91' lang='lat' dir='ltr'><strong>et</strong></span> <span class='ocrx_word' id='word_1_327' title='bbox 1166 3219 1381 3264; x_wconf 84' lang='lat' dir='ltr'><strong>mare:</strong></span> <span class='ocrx_word' id='word_1_328' title='bbox 1425 3200 1866 3265; x_wconf 89' lang='lat' dir='ltr'><strong>Donationem</strong></span> <span class='ocrx_word' id='word_1_329' title='bbox 1895 3200 2109 3276; x_wconf 83' lang='lat' dir='ltr'><strong>etiam,</strong></span> <span class='ocrx_word' id='word_1_330' title='bbox 2153 3250 2168 3264; x_wconf 91' lang='lat'><strong>.</strong></span> <span class='ocrx_word' id='word_1_331' title='bbox 2215 3249 2230 3264; x_wconf 92' lang='lat'><strong>.</strong></span> <span class='ocrx_word' id='word_1_332' title='bbox 2276 3250 2291 3265; x_wconf 89' lang='lat'><strong>.</strong></span> <span class='ocrx_word' id='word_1_333' title='bbox 2339 3217 2504 3284; x_wconf 87' lang='lat' dir='ltr'><strong>quas</strong></span> 
     </span>
     <span class='ocr_line' id='line_1_32' title="bbox 220 3283 2504 3368; baseline 0.001 -20"><span class='ocrx_word' id='word_1_334' title='bbox 220 3283 603 3368; x_wconf 79' lang='lat' dir='ltr'><strong>Radulphus</strong></span> <span class='ocrx_word' id='word_1_335' title='bbox 652 3285 829 3350; x_wconf 90' lang='lat' dir='ltr'><strong>filius</strong></span> <span class='ocrx_word' id='word_1_336' title='bbox 880 3285 1150 3350; x_wconf 87' lang='lat' dir='ltr'><strong>Roberti</strong></span> <span class='ocrx_word' id='word_1_337' title='bbox 1208 3286 1289 3351; x_wconf 90' lang='lat' dir='ltr'><strong>de</strong></span> <span class='ocrx_word' id='word_1_338' title='bbox 1348 3287 1616 3351; x_wconf 89' lang='lat' dir='ltr'><strong>Lithum</strong></span> <span class='ocrx_word' id='word_1_339' title='bbox 1659 3337 1675 3351; x_wconf 92' lang='lat'><strong>.</strong></span> <span class='ocrx_word' id='word_1_340' title='bbox 1721 3334 1735 3351; x_wconf 90' lang='lat'><strong>.</strong></span> <span class='ocrx_word' id='word_1_341' title='bbox 1783 3337 1800 3352; x_wconf 93' lang='lat'><strong>.</strong></span> <span class='ocrx_word' id='word_1_342' title='bbox 1843 3287 1999 3352; x_wconf 86' lang='lat' dir='ltr'><strong>fecit</strong></span> <span class='ocrx_word' id='word_1_343' title='bbox 2047 3287 2193 3352; x_wconf 91' lang='lat' dir='ltr'><strong>Deo</strong></span> <span class='ocrx_word' id='word_1_344' title='bbox 2239 3337 2252 3350; x_wconf 89' lang='lat'><strong>.</strong></span> <span class='ocrx_word' id='word_1_345' title='bbox 2298 3337 2312 3352; x_wconf 90' lang='lat'><strong>.</strong></span> <span class='ocrx_word' id='word_1_346' title='bbox 2359 3335 2373 3350; x_wconf 92' lang='lat'><strong>.</strong></span> <span class='ocrx_word' id='word_1_347' title='bbox 2421 3286 2504 3351; x_wconf 90' lang='lat' dir='ltr'><strong>de</strong></span> 
     </span>
     <span class='ocr_line' id='line_1_33' title="bbox 218 3371 2502 3458; baseline 0.001 -25"><span class='ocrx_word' id='word_1_348' title='bbox 218 3371 426 3436; x_wconf 84' lang='lat' dir='ltr'><strong>tribus</strong></span> <span class='ocrx_word' id='word_1_349' title='bbox 464 3373 629 3437; x_wconf 82' lang='lat' dir='ltr'><strong>acris</strong></span> <span class='ocrx_word' id='word_1_350' title='bbox 674 3379 880 3448; x_wconf 64' lang='lat' dir='ltr'><strong>terras,</strong></span> <span class='ocrx_word' id='word_1_351' title='bbox 924 3393 1073 3437; x_wconf 91' lang='lat' dir='ltr'><strong>cum</strong></span> <span class='ocrx_word' id='word_1_352' title='bbox 1116 3374 1552 3458; x_wconf 84' lang='lat' dir='ltr'><strong>pertinenciis,</strong></span> <span class='ocrx_word' id='word_1_353' title='bbox 1591 3373 1664 3438; x_wconf 92' lang='lat' dir='ltr'><strong>in</strong></span> <span class='ocrx_word' id='word_1_354' title='bbox 1711 3373 2020 3438; x_wconf 88' lang='lat' dir='ltr'><strong>Lithum:</strong></span> <span class='ocrx_word' id='word_1_355' title='bbox 2064 3374 2502 3438; x_wconf 85' lang='lat' dir='ltr'><strong>Donationem</strong></span> 
     </span>
     <span class='ocr_line' id='line_1_34' title="bbox 214 3459 2502 3543; baseline 0.001 -21"><span class='ocrx_word' id='word_1_356' title='bbox 214 3459 432 3532; x_wconf 86' lang='lat' dir='ltr'><strong>etiam,</strong></span> <span class='ocrx_word' id='word_1_357' title='bbox 478 3509 493 3524; x_wconf 94' lang='lat'><strong>.</strong></span> <span class='ocrx_word' id='word_1_358' title='bbox 538 3508 552 3523; x_wconf 93' lang='lat'><strong>.</strong></span> <span class='ocrx_word' id='word_1_359' title='bbox 600 3507 615 3522; x_wconf 94' lang='lat'><strong>.</strong></span> <span class='ocrx_word' id='word_1_360' title='bbox 660 3479 822 3543; x_wconf 83' lang='lat' dir='ltr'><strong>quas</strong></span> <span class='ocrx_word' id='word_1_361' title='bbox 853 3459 1175 3525; x_wconf 86' lang='lat' dir='ltr'><strong>Robertus</strong></span> <span class='ocrx_word' id='word_1_362' title='bbox 1208 3460 1544 3525; x_wconf 85' lang='lat' dir='ltr'><strong>Blaunche</strong></span> <span class='ocrx_word' id='word_1_363' title='bbox 1575 3460 1655 3524; x_wconf 90' lang='lat' dir='ltr'><strong>de</strong></span> <span class='ocrx_word' id='word_1_364' title='bbox 1674 3460 1958 3525; x_wconf 81' lang='lat' dir='ltr'><strong>Gothum</strong></span> <span class='ocrx_word' id='word_1_365' title='bbox 2001 3509 2016 3524; x_wconf 93' lang='lat'><strong>.</strong></span> <span class='ocrx_word' id='word_1_366' title='bbox 2062 3509 2078 3524; x_wconf 93' lang='lat'><strong>.</strong></span> <span class='ocrx_word' id='word_1_367' title='bbox 2126 3511 2138 3523; x_wconf 91' lang='lat'><strong>.</strong></span> <span class='ocrx_word' id='word_1_368' title='bbox 2188 3461 2342 3524; x_wconf 87' lang='lat' dir='ltr'><strong>fecit</strong></span> <span class='ocrx_word' id='word_1_369' title='bbox 2359 3461 2502 3524; x_wconf 90' lang='lat' dir='ltr'><strong>Deo</strong></span> 
     </span>
     <span class='ocr_line' id='line_1_35' title="bbox 214 3546 2500 3631; baseline 0 -22"><span class='ocrx_word' id='word_1_370' title='bbox 214 3593 232 3609; x_wconf 90' lang='lat'><strong>.</strong></span> <span class='ocrx_word' id='word_1_371' title='bbox 275 3594 292 3609; x_wconf 89' lang='lat'><strong>.</strong></span> <span class='ocrx_word' id='word_1_372' title='bbox 336 3595 353 3612; x_wconf 90' lang='lat'><strong>.</strong></span> <span class='ocrx_word' id='word_1_373' title='bbox 400 3546 481 3610; x_wconf 90' lang='lat' dir='ltr'><strong>de</strong></span> <span class='ocrx_word' id='word_1_374' title='bbox 526 3546 735 3610; x_wconf 89' lang='lat' dir='ltr'><strong>tribus</strong></span> <span class='ocrx_word' id='word_1_375' title='bbox 778 3548 946 3612; x_wconf 83' lang='lat' dir='ltr'><strong>acris</strong></span> <span class='ocrx_word' id='word_1_376' title='bbox 988 3553 1193 3624; x_wconf 71' lang='lat' dir='ltr'><strong>terrae,</strong></span> <span class='ocrx_word' id='word_1_377' title='bbox 1238 3567 1386 3611; x_wconf 90' lang='lat' dir='ltr'><strong>cum</strong></span> <span class='ocrx_word' id='word_1_378' title='bbox 1432 3547 1869 3631; x_wconf 86' lang='lat' dir='ltr'><strong>pertinenciis,</strong></span> <span class='ocrx_word' id='word_1_379' title='bbox 1913 3548 1985 3611; x_wconf 92' lang='lat' dir='ltr'><strong>in</strong></span> <span class='ocrx_word' id='word_1_380' title='bbox 2029 3548 2252 3612; x_wconf 88' lang='lat' dir='ltr'><strong>eadem</strong></span> <span class='ocrx_word' id='word_1_381' title='bbox 2305 3547 2500 3610; x_wconf 87' lang='lat' dir='ltr'><strong>villa:</strong></span> 
     </span>
     <span class='ocr_line' id='line_1_36' title="bbox 214 3633 2504 3718; baseline 0 -22"><span class='ocrx_word' id='word_1_382' title='bbox 214 3633 653 3697; x_wconf 89' lang='lat' dir='ltr'><strong>Donationem</strong></span> <span class='ocrx_word' id='word_1_383' title='bbox 682 3633 965 3716; x_wconf 89' lang='lat' dir='ltr'><strong>insuper,</strong></span> <span class='ocrx_word' id='word_1_384' title='bbox 1010 3682 1025 3698; x_wconf 92' lang='lat'><strong>.</strong></span> <span class='ocrx_word' id='word_1_385' title='bbox 1070 3683 1087 3698; x_wconf 94' lang='lat'><strong>.</strong></span> <span class='ocrx_word' id='word_1_386' title='bbox 1132 3683 1147 3698; x_wconf 89' lang='lat'><strong>.</strong></span> <span class='ocrx_word' id='word_1_387' title='bbox 1180 3654 1345 3718; x_wconf 87' lang='lat' dir='ltr'><strong>quas</strong></span> <span class='ocrx_word' id='word_1_388' title='bbox 1376 3633 1774 3717; x_wconf 85' lang='lat' dir='ltr'><strong>Reginaldus</strong></span> <span class='ocrx_word' id='word_1_389' title='bbox 1804 3634 1886 3699; x_wconf 89' lang='lat' dir='ltr'><strong>de</strong></span> <span class='ocrx_word' id='word_1_390' title='bbox 1916 3634 2110 3698; x_wconf 90' lang='lat' dir='ltr'><strong>Rosel</strong></span> <span class='ocrx_word' id='word_1_391' title='bbox 2155 3683 2170 3698; x_wconf 93' lang='lat'><strong>.</strong></span> <span class='ocrx_word' id='word_1_392' title='bbox 2215 3683 2230 3698; x_wconf 91' lang='lat'><strong>.</strong></span> <span class='ocrx_word' id='word_1_393' title='bbox 2281 3685 2294 3698; x_wconf 94' lang='lat'><strong>.</strong></span> <span class='ocrx_word' id='word_1_394' title='bbox 2341 3633 2504 3697; x_wconf 83' lang='lat' dir='ltr'><strong>fecit</strong></span> 
     </span>
     <span class='ocr_line' id='line_1_37' title="bbox 214 3719 2502 3805; baseline -0 -22"><span class='ocrx_word' id='word_1_395' title='bbox 214 3719 357 3784; x_wconf 89' lang='lat' dir='ltr'><strong>Deo</strong></span> <span class='ocrx_word' id='word_1_396' title='bbox 400 3769 415 3784; x_wconf 94' lang='lat'><strong>.</strong></span> <span class='ocrx_word' id='word_1_397' title='bbox 460 3769 475 3784; x_wconf 90' lang='lat'><strong>.</strong></span> <span class='ocrx_word' id='word_1_398' title='bbox 522 3769 541 3784; x_wconf 90' lang='lat'><strong>.</strong></span> <span class='ocrx_word' id='word_1_399' title='bbox 586 3719 666 3785; x_wconf 91' lang='lat' dir='ltr'><strong>de</strong></span> <span class='ocrx_word' id='word_1_400' title='bbox 694 3727 835 3785; x_wconf 80' lang='lat' dir='ltr'><strong>tota</strong></span> <span class='ocrx_word' id='word_1_401' title='bbox 860 3727 1043 3804; x_wconf 86' lang='lat' dir='ltr'><strong>parte</strong></span> <span class='ocrx_word' id='word_1_402' title='bbox 1072 3740 1193 3784; x_wconf 89' lang='lat' dir='ltr'><strong>sua</strong></span> <span class='ocrx_word' id='word_1_403' title='bbox 1218 3720 1398 3785; x_wconf 89' lang='lat' dir='ltr'><strong>illius</strong></span> <span class='ocrx_word' id='word_1_404' title='bbox 1427 3721 1582 3785; x_wconf 89' lang='lat' dir='ltr'><strong>tofti</strong></span> <span class='ocrx_word' id='word_1_405' title='bbox 1608 3720 1784 3805; x_wconf 89' lang='lat' dir='ltr'><strong>quod</strong></span> <span class='ocrx_word' id='word_1_406' title='bbox 1825 3721 2135 3786; x_wconf 89' lang='lat' dir='ltr'><strong>Monachi</strong></span> <span class='ocrx_word' id='word_1_407' title='bbox 2163 3721 2246 3786; x_wconf 90' lang='lat' dir='ltr'><strong>de</strong></span> <span class='ocrx_word' id='word_1_408' title='bbox 2275 3719 2502 3785; x_wconf 87' lang='lat' dir='ltr'><strong>Fonti-</strong></span> 
     </span>
     <span class='ocr_line' id='line_1_38' title="bbox 212 3805 2502 3892; baseline 0 -23"><span class='ocrx_word' id='word_1_409' title='bbox 212 3805 335 3870; x_wconf 86' lang='lat' dir='ltr'><strong>bus</strong></span> <span class='ocrx_word' id='word_1_410' title='bbox 372 3806 701 3890; x_wconf 83' lang='lat' dir='ltr'><strong>quondam</strong></span> <span class='ocrx_word' id='word_1_411' title='bbox 738 3812 1091 3871; x_wconf 88' lang='lat' dir='ltr'><strong>tenuerunt</strong></span> <span class='ocrx_word' id='word_1_412' title='bbox 1126 3807 1207 3872; x_wconf 90' lang='lat' dir='ltr'><strong>de</strong></span> <span class='ocrx_word' id='word_1_413' title='bbox 1252 3807 1585 3891; x_wconf 89' lang='lat' dir='ltr'><strong>Stephano</strong></span> <span class='ocrx_word' id='word_1_414' title='bbox 1631 3808 1713 3872; x_wconf 90' lang='lat' dir='ltr'><strong>de</strong></span> <span class='ocrx_word' id='word_1_415' title='bbox 1753 3807 1966 3886; x_wconf 88' lang='lat' dir='ltr'><strong>Rosel,</strong></span> <span class='ocrx_word' id='word_1_416' title='bbox 2012 3815 2196 3892; x_wconf 86' lang='lat' dir='ltr'><strong>patre</strong></span> <span class='ocrx_word' id='word_1_417' title='bbox 2240 3827 2376 3884; x_wconf 89' lang='lat' dir='ltr'><strong>suo,</strong></span> <span class='ocrx_word' id='word_1_418' title='bbox 2427 3807 2502 3870; x_wconf 91' lang='lat' dir='ltr'><strong>in</strong></span> 
     </span>
     <span class='ocr_line' id='line_1_39' title="bbox 212 3892 2500 3979; baseline 0.001 -23"><span class='ocrx_word' id='word_1_419' title='bbox 212 3893 521 3957; x_wconf 88' lang='lat' dir='ltr'><strong>Neutona</strong></span> <span class='ocrx_word' id='word_1_420' title='bbox 564 3893 794 3958; x_wconf 89' lang='lat' dir='ltr'><strong>subtus</strong></span> <span class='ocrx_word' id='word_1_421' title='bbox 838 3892 1347 3979; x_wconf 77' lang='lat' dir='ltr'><strong>Auhmberghe,²</strong></span> <span class='ocrx_word' id='word_1_422' title='bbox 1384 3902 1451 3958; x_wconf 92' lang='lat' dir='ltr'><strong>et</strong></span> <span class='ocrx_word' id='word_1_423' title='bbox 1486 3894 1568 3959; x_wconf 91' lang='lat' dir='ltr'><strong>de</strong></span> <span class='ocrx_word' id='word_1_424' title='bbox 1610 3916 1744 3960; x_wconf 88' lang='lat' dir='ltr'><strong>una</strong></span> <span class='ocrx_word' id='word_1_425' title='bbox 1787 3915 1934 3960; x_wconf 85' lang='lat' dir='ltr'><strong>acra</strong></span> <span class='ocrx_word' id='word_1_426' title='bbox 1976 3896 2149 3979; x_wconf 84' lang='lat' dir='ltr'><strong>prati</strong></span> <span class='ocrx_word' id='word_1_427' title='bbox 2193 3897 2265 3959; x_wconf 92' lang='lat' dir='ltr'><strong>in</strong></span> <span class='ocrx_word' id='word_1_428' title='bbox 2313 3901 2500 3979; x_wconf 88' lang='lat' dir='ltr'><strong>prato</strong></span> 
     </span>
     <span class='ocr_line' id='line_1_40' title="bbox 208 3979 2500 4065; baseline 0 -21"><span class='ocrx_word' id='word_1_429' title='bbox 208 3979 293 4044; x_wconf 90' lang='lat' dir='ltr'><strong>de</strong></span> <span class='ocrx_word' id='word_1_430' title='bbox 338 3980 405 4044; x_wconf 86' lang='lat' dir='ltr'>N</span> <span class='ocrx_word' id='word_1_431' title='bbox 408 3988 662 4056; x_wconf 83' lang='lat' dir='ltr'><strong>eutona,</strong></span> <span class='ocrx_word' id='word_1_432' title='bbox 710 4001 860 4044; x_wconf 91' lang='lat' dir='ltr'><strong>cum</strong></span> <span class='ocrx_word' id='word_1_433' title='bbox 910 3981 1367 4064; x_wconf 87' lang='lat' dir='ltr'><strong>pertinenciis:</strong></span> <span class='ocrx_word' id='word_1_434' title='bbox 1422 3982 1860 4046; x_wconf 83' lang='lat' dir='ltr'><strong>Donationem</strong></span> <span class='ocrx_word' id='word_1_435' title='bbox 1910 3983 2108 4046; x_wconf 88' lang='lat' dir='ltr'><strong>etiam</strong></span> <span class='ocrx_word' id='word_1_436' title='bbox 2153 4033 2168 4047; x_wconf 90' lang='lat'><strong>.</strong></span> <span class='ocrx_word' id='word_1_437' title='bbox 2214 4030 2228 4048; x_wconf 92' lang='lat'><strong>.</strong></span> <span class='ocrx_word' id='word_1_438' title='bbox 2275 4031 2291 4047; x_wconf 93' lang='lat'><strong>.</strong></span> <span class='ocrx_word' id='word_1_439' title='bbox 2336 3999 2500 4065; x_wconf 85' lang='lat' dir='ltr'><strong>quas</strong></span> 
     </span>
     <span class='ocr_line' id='line_1_41' title="bbox 210 4066 2502 4150; baseline 0.001 -20"><span class='ocrx_word' id='word_1_440' title='bbox 210 4066 581 4150; x_wconf 84' lang='lat' dir='ltr'><strong>Stephanus</strong></span> <span class='ocrx_word' id='word_1_441' title='bbox 611 4067 693 4132; x_wconf 89' lang='lat' dir='ltr'><strong>de</strong></span> <span class='ocrx_word' id='word_1_442' title='bbox 721 4067 959 4131; x_wconf 82' lang='lat' dir='ltr'><strong>Mainil</strong></span> <span class='ocrx_word' id='word_1_443' title='bbox 1004 4117 1018 4131; x_wconf 92' lang='lat'><strong>.</strong></span> <span class='ocrx_word' id='word_1_444' title='bbox 1069 4119 1083 4133; x_wconf 92' lang='lat'><strong>.</strong></span> <span class='ocrx_word' id='word_1_445' title='bbox 1130 4119 1143 4133; x_wconf 89' lang='lat'><strong>.</strong></span> <span class='ocrx_word' id='word_1_446' title='bbox 1190 4069 1348 4133; x_wconf 85' lang='lat' dir='ltr'><strong>fecit</strong></span> <span class='ocrx_word' id='word_1_447' title='bbox 1375 4069 1517 4133; x_wconf 89' lang='lat' dir='ltr'><strong>Deo</strong></span> <span class='ocrx_word' id='word_1_448' title='bbox 1563 4119 1577 4134; x_wconf 92' lang='lat'><strong>.</strong></span> <span class='ocrx_word' id='word_1_449' title='bbox 1625 4119 1640 4134; x_wconf 90' lang='lat'><strong>.</strong></span> <span class='ocrx_word' id='word_1_450' title='bbox 1691 4119 1705 4133; x_wconf 92' lang='lat'><strong>.</strong></span> <span class='ocrx_word' id='word_1_451' title='bbox 1751 4069 1831 4133; x_wconf 89' lang='lat' dir='ltr'><strong>de</strong></span> <span class='ocrx_word' id='word_1_452' title='bbox 1849 4075 1987 4133; x_wconf 87' lang='lat' dir='ltr'><strong>toto</strong></span> <span class='ocrx_word' id='word_1_453' title='bbox 2016 4069 2208 4134; x_wconf 90' lang='lat' dir='ltr'><strong>bosco</strong></span> <span class='ocrx_word' id='word_1_454' title='bbox 2229 4075 2297 4133; x_wconf 90' lang='lat' dir='ltr'><strong>et</strong></span> <span class='ocrx_word' id='word_1_455' title='bbox 2327 4075 2502 4134; x_wconf 84' lang='lat' dir='ltr'><strong>terra</strong></span> 
     </span>
    </p>
   </div>
   <div class='ocr_carea' id='block_1_3' title="bbox 200 4201 2500 4594">
    <p class='ocr_par' dir='ltr' id='par_1_4' title="bbox 200 4201 2500 4594">
     <span class='ocr_line' id='line_1_42' title="bbox 274 4201 2499 4268; baseline 0 -15"><span class='ocrx_word' id='word_1_456' title='bbox 274 4201 293 4233; x_wconf 90' lang='lat'>¹</span> <span class='ocrx_word' id='word_1_457' title='bbox 326 4201 393 4253; x_wconf 88' lang='lat' dir='ltr'><strong>In</strong></span> <span class='ocrx_word' id='word_1_458' title='bbox 426 4201 539 4253; x_wconf 78' lang='lat' dir='ltr'><strong>this</strong></span> <span class='ocrx_word' id='word_1_459' title='bbox 562 4207 686 4268; x_wconf 74' lang='lat' dir='ltr'><strong>part</strong></span> <span class='ocrx_word' id='word_1_460' title='bbox 707 4203 763 4253; x_wconf 79' lang='lat' dir='ltr'><strong>of</strong></span> <span class='ocrx_word' id='word_1_461' title='bbox 796 4203 891 4253; x_wconf 86' lang='lat' dir='ltr'><strong>the</strong></span> <span class='ocrx_word' id='word_1_462' title='bbox 924 4203 1291 4255; x_wconf 81' lang='lat' dir='ltr'><strong>confirmation</strong></span> <span class='ocrx_word' id='word_1_463' title='bbox 1407 4204 1513 4255; x_wconf 81' lang='lat' dir='ltr'><strong>and</strong></span> <span class='ocrx_word' id='word_1_464' title='bbox 1554 4204 1650 4255; x_wconf 83' lang='lat' dir='ltr'><strong>the</strong></span> <span class='ocrx_word' id='word_1_465' title='bbox 1686 4205 1886 4255; x_wconf 82' lang='lat' dir='ltr'><strong>entries</strong></span> <span class='ocrx_word' id='word_1_466' title='bbox 1925 4204 2146 4256; x_wconf 85' lang='lat' dir='ltr'><strong>touchin</strong></span> <span class='ocrx_word' id='word_1_467' title='bbox 2222 4203 2400 4255; x_wconf 77' lang='lat' dir='ltr'><strong>which</strong></span> <span class='ocrx_word' id='word_1_468' title='bbox 2438 4201 2499 4253; x_wconf 82' lang='lat' dir='ltr'><strong>in</strong></span> 
     </span>
     <span class='ocr_line' id='line_1_43' title="bbox 200 4267 2500 4332; baseline 0.001 -15"><span class='ocrx_word' id='word_1_469' title='bbox 200 4267 380 4332; x_wconf 70' lang='lat' dir='ltr'><strong>again,</strong></span> <span class='ocrx_word' id='word_1_470' title='bbox 407 4267 515 4318; x_wconf 78' lang='lat' dir='ltr'><strong>and</strong></span> <span class='ocrx_word' id='word_1_471' title='bbox 536 4267 669 4318; x_wconf 89' lang='lat' dir='ltr'><strong>both</strong></span> <span class='ocrx_word' id='word_1_472' title='bbox 691 4267 859 4318; x_wconf 71' lang='lat' dir='ltr'><strong>above</strong></span> <span class='ocrx_word' id='word_1_473' title='bbox 880 4267 987 4319; x_wconf 80' lang='lat' dir='ltr'><strong>and</strong></span> <span class='ocrx_word' id='word_1_474' title='bbox 1009 4268 1177 4319; x_wconf 78' lang='lat' dir='ltr'><strong>below</strong></span> <span class='ocrx_word' id='word_1_475' title='bbox 1198 4269 1295 4320; x_wconf 86' lang='lat' dir='ltr'><strong>the</strong></span> <span class='ocrx_word' id='word_1_476' title='bbox 1408 4269 1465 4318; x_wconf 86' lang='lat' dir='ltr'><strong>M</strong></span> <span class='ocrx_word' id='word_1_477' title='bbox 1470 4269 1700 4320; x_wconf 79' lang='lat' dir='ltr'><strong>inisters’</strong></span> <span class='ocrx_word' id='word_1_478' title='bbox 1723 4270 1994 4320; x_wconf 82' lang='lat' dir='ltr'><strong>Accounts</strong></span> <span class='ocrx_word' id='word_1_479' title='bbox 2015 4285 2134 4320; x_wconf 78' lang='lat' dir='ltr'><strong>wou</strong></span> <span class='ocrx_word' id='word_1_480' title='bbox 2214 4267 2500 4319; x_wconf 74' lang='lat' dir='ltr'><strong>otherwise</strong></span> 
     </span>
     <span class='ocr_line' id='line_1_44' title="bbox 206 4333 2260 4400; baseline 0.002 -19"><span class='ocrx_word' id='word_1_481' title='bbox 206 4337 425 4396; x_wconf 77' lang='lat' dir='ltr'><strong>present</strong></span> <span class='ocrx_word' id='word_1_482' title='bbox 532 4334 629 4393; x_wconf 89' lang='lat' dir='ltr'><strong>int,</strong></span> <span class='ocrx_word' id='word_1_483' title='bbox 674 4349 767 4384; x_wconf 77' lang='lat' dir='ltr'><strong>are</strong></span> <span class='ocrx_word' id='word_1_484' title='bbox 805 4335 1004 4383; x_wconf 67' lang='lat' dir='ltr'><strong>antria-</strong></span> <span class='ocrx_word' id='word_1_485' title='bbox 1038 4333 1295 4400; x_wconf 80' lang='lat' dir='ltr'><strong>touching</strong></span> <span class='ocrx_word' id='word_1_486' title='bbox 1408 4335 1546 4385; x_wconf 77' lang='lat' dir='ltr'><strong>have</strong></span> <span class='ocrx_word' id='word_1_487' title='bbox 1567 4335 1840 4386; x_wconf 73' lang='lat' dir='ltr'><strong>remained</strong></span> <span class='ocrx_word' id='word_1_488' title='bbox 1861 4333 2260 4385; x_wconf 74' lang='lat' dir='ltr'><strong>unillustrated.</strong></span> 
     </span>
     <span class='ocr_line' id='line_1_45' title="bbox 202 4349 2496 4463; baseline -0 -15"><span class='ocrx_word' id='word_1_489' title='bbox 202 4403 393 4462; x_wconf 71' lang='lat' dir='ltr'><strong>granta</strong></span> <span class='ocrx_word' id='word_1_490' title='bbox 415 4349 751 4463; x_wconf 50' lang='lat' dir='ltr'><strong>oporoperty</strong></span> <span class='ocrx_word' id='word_1_491' title='bbox 774 4399 929 4448; x_wconf 75' lang='lat' dir='ltr'><strong>made</strong></span> <span class='ocrx_word' id='word_1_492' title='bbox 951 4404 1011 4449; x_wconf 87' lang='lat' dir='ltr'><strong>to</strong></span> <span class='ocrx_word' id='word_1_493' title='bbox 1037 4399 1133 4449; x_wconf 86' lang='lat' dir='ltr'><strong>the</strong></span> <span class='ocrx_word' id='word_1_494' title='bbox 1157 4399 1291 4451; x_wconf 91' lang='lat' dir='ltr'><strong>Con-</strong></span> <span class='ocrx_word' id='word_1_495' title='bbox 1471 4399 1694 4450; x_wconf 68' lang='lat' dir='ltr'><strong>’This</strong></span> <span class='ocrx_word' id='word_1_496' title='bbox 1679 4416 1725 4450; x_wconf 76' lang='lat' dir='ltr'><strong>is</strong></span> <span class='ocrx_word' id='word_1_497' title='bbox 1746 4416 1866 4450; x_wconf 82' lang='lat' dir='ltr'><strong>now</strong></span> <span class='ocrx_word' id='word_1_498' title='bbox 1883 4399 1968 4450; x_wconf 84' lang='lat' dir='ltr'><strong>Ne</strong></span> <span class='ocrx_word' id='word_1_499' title='bbox 1971 4405 2116 4450; x_wconf 82' lang='lat' dir='ltr'><strong>wton</strong></span> <span class='ocrx_word' id='word_1_500' title='bbox 2137 4398 2311 4450; x_wconf 84' lang='lat' dir='ltr'><strong>under</strong></span> <span class='ocrx_word' id='word_1_501' title='bbox 2333 4397 2496 4448; x_wconf 75' lang='lat' dir='ltr'><strong>Rose-</strong></span> 
     </span>
     <span class='ocr_line' id='line_1_46' title="bbox 206 4462 2496 4530; baseline 0 -19"><span class='ocrx_word' id='word_1_502' title='bbox 206 4466 351 4523; x_wconf 83' lang='lat' dir='ltr'><strong>vent,</strong></span> <span class='ocrx_word' id='word_1_503' title='bbox 390 4463 448 4512; x_wconf 89' lang='lat' dir='ltr'><strong>in</strong></span> <span class='ocrx_word' id='word_1_504' title='bbox 528 4479 681 4514; x_wconf 81' lang='lat' dir='ltr'><strong>verse</strong></span> <span class='ocrx_word' id='word_1_505' title='bbox 712 4463 905 4529; x_wconf 70' lang='lat' dir='ltr'><strong>places,</strong></span> <span class='ocrx_word' id='word_1_506' title='bbox 934 4463 991 4514; x_wconf 79' lang='lat' dir='ltr'><strong>of</strong></span> <span class='ocrx_word' id='word_1_507' title='bbox 1011 4464 1189 4514; x_wconf 78' lang='lat' dir='ltr'><strong>which</strong></span> <span class='ocrx_word' id='word_1_508' title='bbox 1212 4481 1293 4514; x_wconf 85' lang='lat' dir='ltr'><strong>we</strong></span> <span class='ocrx_word' id='word_1_509' title='bbox 1406 4464 1582 4529; x_wconf 82' lang='lat' dir='ltr'><strong>berry.</strong></span> <span class='ocrx_word' id='word_1_510' title='bbox 1655 4464 1770 4515; x_wconf 83' lang='lat' dir='ltr'><strong>The</strong></span> <span class='ocrx_word' id='word_1_511' title='bbox 1783 4464 2059 4515; x_wconf 75' lang='lat' dir='ltr'><strong>mediaeval</strong></span> <span class='ocrx_word' id='word_1_512' title='bbox 2076 4463 2268 4530; x_wconf 81' lang='lat' dir='ltr'><strong>spellin</strong></span> <span class='ocrx_word' id='word_1_513' title='bbox 2323 4463 2380 4513; x_wconf 79' lang='lat' dir='ltr'><strong>of</strong></span> <span class='ocrx_word' id='word_1_514' title='bbox 2399 4462 2496 4514; x_wconf 84' lang='lat' dir='ltr'><strong>the</strong></span> 
     </span>
     <span class='ocr_line' id='line_1_47' title="bbox 202 4527 2498 4594; baseline 0 -17"><span class='ocrx_word' id='word_1_515' title='bbox 202 4527 341 4578; x_wconf 77' lang='lat' dir='ltr'><strong>have</strong></span> <span class='ocrx_word' id='word_1_516' title='bbox 362 4542 433 4577; x_wconf 93' lang='lat' dir='ltr'><strong>no</strong></span> <span class='ocrx_word' id='word_1_517' title='bbox 455 4529 632 4579; x_wconf 82' lang='lat' dir='ltr'><strong>notice</strong></span> <span class='ocrx_word' id='word_1_518' title='bbox 655 4529 712 4579; x_wconf 86' lang='lat' dir='ltr'><strong>in</strong></span> <span class='ocrx_word' id='word_1_519' title='bbox 727 4544 835 4594; x_wconf 79' lang='lat' dir='ltr'><strong>any</strong></span> <span class='ocrx_word' id='word_1_520' title='bbox 852 4533 1043 4580; x_wconf 69' lang='lat' dir='ltr'><strong>extant</strong></span> <span class='ocrx_word' id='word_1_521' title='bbox 1058 4529 1287 4590; x_wconf 71' lang='lat' dir='ltr'><strong>chat-ter,</strong></span> <span class='ocrx_word' id='word_1_522' title='bbox 1406 4545 1564 4580; x_wconf 76' lang='lat' dir='ltr'><strong>name</strong></span> <span class='ocrx_word' id='word_1_523' title='bbox 1584 4529 1642 4581; x_wconf 84' lang='lat' dir='ltr'><strong>of</strong></span> <span class='ocrx_word' id='word_1_524' title='bbox 1663 4530 1756 4580; x_wconf 84' lang='lat' dir='ltr'><strong>the</strong></span> <span class='ocrx_word' id='word_1_525' title='bbox 1780 4530 1878 4580; x_wconf 85' lang='lat' dir='ltr'><strong>hill</strong></span> <span class='ocrx_word' id='word_1_526' title='bbox 1900 4546 2020 4580; x_wconf 84' lang='lat' dir='ltr'><strong>now</strong></span> <span class='ocrx_word' id='word_1_527' title='bbox 2043 4529 2240 4580; x_wconf 77' lang='lat' dir='ltr'><strong>known</strong></span> <span class='ocrx_word' id='word_1_528' title='bbox 2311 4545 2349 4593; x_wconf 85' lang='lat' dir='ltr'><strong>y</strong></span> <span class='ocrx_word' id='word_1_529' title='bbox 2371 4527 2498 4578; x_wconf 71' lang='lat' dir='ltr'><strong>that</strong></span> 
     </span>
    </p>
   </div>
  </div>
 </body>
</html>
