3075 5009
1213 540 1569 590 APPBNDIX.
2411 526 2447 585 3
2458 526 2493 587 7
2501 526 2539 587 3

241 716 368 759 non
395 716 532 777 quae
559 695 755 759 Jhesu
784 695 1018 759 Christi
1045 704 1404 778 quaerentea
1433 696 1706 776 leprosis,
1737 695 1845 777 qui
1887 714 2025 757 cum
2065 694 2227 757 sanis
2254 693 2533 757 habitare

243 798 370 840 non
417 786 690 859 possunt,
742 777 842 841 vel
888 777 969 840 ad
1017 779 1328 842 ecclesiam
1383 799 1523 840 cum
1578 776 1713 839 aliis
1761 776 2101 853 convenire,
2143 774 2423 838 ecclesias
2470 781 2536 837 et

241 860 544 921 cimiteria
597 879 724 922 non
853 860 1147 922 rmittunt
1196 860 1440 935 habere,
1491 879 1605 922 nec
1656 858 1890 939 proprii
1940 857 2143 940 juvari
2196 856 2537 919 ministerio

241 940 593 1017 sacerdotis,
645 960 732 1020 qu
814 961 934 1021 que
972 941 1183 1022 procul
1227 962 1264 1003 a
1306 942 1537 1037 pietate
1586 939 1934 1003 Christiana
1978 937 2318 1000 dinoscitur
2364 958 2537 1015 esse;

241 1021 323 1084 de
349 1022 730 1103 benignitate
757 1022 1114 1103 Apostolica
1141 1023 1567 1086 consumimus
1594 1028 1683 1098 ut,
1712 1020 2057 1101 ubicunque
2088 1025 2187 1083 tot
2212 1019 2396 1081 simul
2422 1020 2536 1081 sub

243 1104 552 1165 communi
577 1104 711 1165 vita
737 1105 1103 1185 congregati,
1135 1105 1240 1185 qui
1283 1102 1593 1167 ecclesiam
1636 1109 2003 1180 construere,
2033 1121 2171 1163 cum
2215 1100 2533 1177 cimiterio,

243 1184 378 1261 sibi,
431 1191 496 1247 et
541 1184 792 1265 proprio
845 1186 1092 1248 valeant
1143 1184 1412 1267 gaudere
1460 1184 1815 1265 presbitero,
1868 1184 1998 1245 sine
2054 1182 2536 1245 contradictione

239 1264 324 1327 ali
365 1285 448 1327 ua
473 1266 910 1346 permittantur
934 1266 1170 1330 habere.
1259 1266 1536 1329 Caveant
1573 1272 1781 1328 tamen
1821 1273 1894 1327 ut
1916 1263 2197 1346 injuriosi
2224 1263 2538 1326 veteribus

242 1286 513 1413 ecciesiis
555 1346 632 1409 de
673 1346 814 1427 jure
995 1348 1214 1411 ochiali
1239 1367 1627 1429 nequaquam
1654 1347 1937 1408 existant.
2025 1344 2204 1422 Quod
2244 1345 2409 1408 enim
2450 1344 2539 1407 eis

290 1448 359 1489 ro
399 1429 630 1508 pietate
671 1448 852 1491 conce
899 1430 1025 1491 itur
1067 1429 1146 1492 ad
1191 1430 1452 1491 aliorum
1497 1428 1791 1509 injuriam
1837 1427 2124 1489 nolumus
2169 1424 2537 1489 redundare.

298 1510 589 1571 tatuimus
617 1510 804 1572 etiam
831 1517 904 1573 ut
944 1509 1022 1574 de
1063 1511 1215 1573 ortis
1255 1518 1320 1573 et
1365 1511 1445 1573 de
1484 1508 1880 1572 nutrimentis
1906 1508 2263 1571 animalium
2288 1526 2538 1571 suorum

247 1590 511 1655 decimas
537 1590 809 1655 tribuere
835 1612 961 1654 non
989 1600 1302 1673 cogantur.

332 1754 430 1814 24.
474 1767 696 1816 xxxn.
737 1754 783 1815 J
783 1754 944 1817 udsei
999 1754 1128 1816 sive
1172 1752 1506 1828 Sarraceni,
1549 1774 1661 1817 nec
1701 1752 2174 1816 subalendorum
2213 1770 2544 1833 puerorum

247 1834 530 1911 obtentu,
598 1854 712 1897 nec
780 1855 892 1915 pro
960 1836 1228 1911 servitio,
1285 1833 1387 1897 vel
1455 1833 1577 1897 alia
1642 1855 1825 1897 causa
1890 1834 2178 1915 qualibet,
2238 1834 2544 1897 cristiana

249 1916 552 1995 mancipia
579 1916 646 1978 in
671 1916 955 1978 domibus
985 1915 1118 2013 [12]
1148 1917 1273 1979 suis
1302 1914 1579 2001 [habere]
1608 1917 2062 1997 permittantur.
2118 1912 2547 1977 Excommuni-

251 2004 468 2059 centur
493 2004 700 2059 autem
727 1998 835 2077 qui
876 2017 1016 2060 cum
1056 2018 1143 2061 eis
1185 1998 1685 2079 praesumpserint
1722 1998 2014 2060 habitare.
2099 1995 2547 2059 Testimonium

251 2097 498 2159 quoque
525 2078 1013 2141 Christianorum
1039 2078 1329 2141 adversus
1355 2078 1400 2142 J
1403 2080 1608 2141 udaeos
1635 2079 1701 2142 in
1728 2078 2009 2142 omnibus
2042 2077 2255 2154 causis,
2288 2098 2427 2140 cum
2452 2076 2547 2139 illi

253 2159 546 2222 adversus
572 2159 951 2223 Christianos
977 2161 1238 2223 testibus
1279 2180 1403 2223 sune
1441 2162 1644 2241 gentis
1672 2167 1944 2236 utantur,
1973 2157 2388 2239 recipiendum
2415 2177 2545 2220 esse

254 2260 585 2317 censemus,
617 2246 684 2303 et
709 2242 1099 2305 anathemate
1124 2242 1507 2305 decernimus
1532 2240 1841 2304 feriendos
1868 2241 2235 2321 quicumque
2260 2239 2305 2303 J
2308 2238 2545 2302 udseos¹

254 2321 620 2385 Christianis
661 2323 883 2385 volunt
919 2324 986 2385 in
1029 2324 1144 2386 hac
1170 2331 1344 2404 parte
1372 2324 1676 2404 praeferre,
1708 2343 1847 2385 cum
1880 2342 1983 2385 eos
2012 2321 2375 2384 Christianis
2413 2320 2551 2383 sub-

247 2402 451 2483 jacere
499 2411 797 2485 oporteat,
829 2412 894 2467 et
940 2405 1019 2466 ab
1067 2406 1153 2467 eis
1200 2424 1313 2485 pro
1359 2404 1490 2465 sola
1534 2404 1917 2466 humanitate
1964 2402 2176 2465 foveri.
2292 2402 2361 2465 Si
2388 2401 2545 2481 quis,

253 2492 567 2566 praeterea,
616 2485 750 2548 Deo
805 2485 1157 2565 inspirante,
1215 2486 1294 2547 ad
1351 2485 1763 2548 Christianam
1810 2484 1996 2546 fidem
2044 2504 2108 2547 se
2155 2484 2547 2559 converterit,

254 2587 294 2628 a
333 2566 688 2647 potentibus
748 2566 1097 2629 nullatenus
1141 2566 1519 2642 excludatur,
1563 2587 1703 2628 cum
1743 2566 2010 2628 melioris
2058 2564 2427 2627 conditionis
2470 2562 2549 2625 ad

255 2646 440 2709 fidem
467 2666 788 2710 conversos
816 2668 945 2710 esse
986 2654 1267 2728 oporteat
1307 2667 1508 2727 quam,
1539 2648 1901 2727 antequam2
1928 2646 2113 2708 fidem
2152 2646 2547 2726 susciperent,

254 2728 654 2791 habebantur.
742 2728 810 2791 Si
849 2736 1058 2791 autem
1090 2750 1264 2791 secus
1291 2729 1525 2791 factum
1553 2730 1759 2805 fuerit,
1790 2727 2017 2809 populo
2058 2734 2123 2790 et
2153 2726 2548 2809 principibus,

254 2830 366 2871 seu
393 2811 800 2891 potestatibus
835 2810 1165 2873 eorundem
1205 2810 1515 2887 laicorum,
1547 2811 1663 2873 sub
1703 2830 1885 2890 poena
1909 2806 2551 2871 excommunicationis

251 2889 652 3056 iujffiggronus,
683 2901 756 2955 ut
781 2900 1151 2973 potestatem
1177 2892 1555 2955 haereditatis
1590 2893 1890 2954 bonorum
1930 2910 2179 2953 suorum
2208 2889 2295 2952 eis
2322 2890 2552 2952 faciant

256 2993 340 3034 ex
441 2994 462 3033 1
543 2992 612 3037 n.

341 3138 438 3199 25.
483 3150 728 3197 xxxnl.
761 3134 936 3197 Sicut
963 3134 1115 3197 dicit
1139 3136 1355 3198 beatus
1381 3134 1763 3199 Leo—Licet
1802 3134 2205 3199 ecclesiastica
2227 3132 2552 3215 disciplina

253 3215 616 3278 sacerdotali
635 3222 926 3279 contenta
945 3216 1222 3296 justitia³
1245 3224 1520 3279 cruentas
1543 3218 1794 3299 effugiat
1808 3217 2089 3292 ultiones,
2114 3215 2549 3278 catholicorum

257 3304 466 3359 tamen
510 3298 854 3379 principum
909 3298 1444 3361 constitutionibus
1493 3299 1841 3380 adjuvetur,
1888 3306 1961 3360 ut
2014 3318 2173 3378 saepe
2222 3303 2509 3377 quaerunt
2522 3297 2550 3337 ⁴

259 3374 538 3474 h⁰mi¹.²⁰.⁸
565 3378 828 3441 salutare
856 3380 1194 3442 remedium
1221 3380 1371 3476 dum
1399 3380 1707 3476 corporale
1723 3401 1905 3461 super
1920 3400 1985 3442 se
2001 3386 2289 3475 metuunt
2304 3378 2549 3472 evenire

259 3460 498 3603 {3125‘32
497 3480 680 3616 ἓξὲξ,
711 3460 1290 3619 132333555323
1309 3459 2547 3622 ‹issffiffizi‘affmssssf‘ffiffiffsshfflzz

258 3622 366 3684 alii
413 3622 752 3699 Patarinos,
807 3623 913 3685 alii
962 3623 1095 3686 aliis
1149 3624 1499 3686 nominibus
1553 3627 1821 3701 vocant,⁶
1874 3622 2263 3704 dampnanda
2314 3640 2553 3701 perver-

259 3702 456 3779 sitas,⁷
495 3712 570 3767 ut
610 3704 742 3784 jam
788 3724 914 3767 non
961 3705 1029 3767 in
1076 3705 1332 3780 occult0,
1374 3705 1534 3768 sicut
1577 3706 1683 3767 alii
1730 3706 2026 3766 malitiam
2073 3710 2412 3778 exerceant,
2456 3706 2555 3765 set

261 3804 528 3849 errorem
582 3804 764 3847 suum
803 3786 1041 3866 publice
1081 3787 1525 3863 manifestent‚⁸
1567 3794 1631 3849 et
1675 3786 1753 3849 ad
1794 3804 2153 3849 consensum
2194 3804 2376 3847 suum
2415 3782 2556 3845 sim-

260 3866 448 3947 plices
476 3866 791 3928 attrahant
819 3876 882 3929 et
906 3868 1197 3943 infirmos,
1229 3888 1332 3930 eos
1373 3875 1436 3931 et
1476 3867 1825 3931 defensores
1866 3886 2077 3930 eorum
2106 3873 2171 3930 et
2211 3873 2555 3946 receptores

259 3947 638 4010 anathemati
665 3947 953 4010 duximus
981 3949 1293 4030 subjacere
1315 3972 1334 4028 ;
1375 3956 1440 4012 et
1479 3951 1594 4012 sub
1635 3948 2021 4012 anathemate
2058 3947 2449 4033 prohibemus
2474 3964 2555 4009 ne

258 4029 400 4109 quis
425 4028 590 4109 ipsos
617 4028 681 4090 in
709 4028 908 4104 domo,
939 4029 1040 4091 vel
1081 4031 1148 4091 in
1188 4038 1353 4093 terra
1390 4051 1516 4107 sua,
1548 4039 1757 4095 tenere
1783 4031 1883 4094 vel
1910 4030 2134 4104 fovere,
2164 4028 2265 4091 vel
2291 4026 2560 4109 negotia-

259 4110 496 4172 tionem
543 4130 684 4172 cum
729 4111 817 4174 eis
871 4130 1150 4174 exercere
1204 4124 1545 4193 praesumat
1661 4114 1729 4177 Si
1777 4119 1984 4175 autem
2037 4112 2105 4172 in
2151 4110 2269 4172 hoc
2308 4114 2557 4190 peccato

333 4228 354 4261 ¹
387 4229 596 4282 Judeie.
1542 4232 1563 4264 ⁵
1597 4232 1710 4283 The
1733 4231 1769 4283 h
1790 4232 1839 4283 is
1860 4230 2111 4298 supplied
2134 4226 2321 4280 above.

269 4412 278 4421 ,
326 4294 874 4421 :fffflwmoh
918 4359 1044 4412 fans
1087 4364 1148 4413 ιο
1202 4360 1364 4413 make
1544 4320 1567 4355 ⁶
1597 4322 1875 4376 me'·

259 4440 436 4488 nense,
467 4425 732 4492 although
753 4425 996 4493 possibly
1018 4425 1115 4477 the
1140 4426 1365 4494 reading
1483 4478 1496 4491 ‚
1544 4411 1567 4490 ⁷,
1599 4412 1771 4463 There
1792 4411 1841 4463 i·
1866 4427 1939 4463 an
1959 4408 2211 4462 omis-ion
2237 4408 2366 4459 here
2386 4400 2566 4457 which

258 4490 508 4558 adopted
531 4506 656 4569 pay
679 4496 776 4543 not
796 4491 864 4543 be
888 4492 984 4544 the
1005 4490 1156 4560 right
1176 4507 1296 4547 one.
1479 4486 1528 4530 1¹⁵
1550 4493 1599 4529 ι·
1620 4480 1719 4530 not
1738 4493 1867 4543 ων
1888 4480 1948 4527 ¹³0
1970 4474 2185 4543 wrm·

331 4556 355 4588 ⁴
388 4556 656 4621 enar-w.
1548 4554 1572 4587 ⁸
1602 4554 1970 4622 Marsyam.
