3075 5009
924 534 1397 583 cARTULARIUM
1426 535 1894 585 RfflvALLENss.
2421 522 2544 582 299

272 697 628 756 tenuerunt
700 691 782 757 (16
869 691 1160 757 Waltero
1242 700 1425 777 patre
1508 713 1627 757 suo
1714 693 1798 757 ad
1868 693 2240 770 terminum,
2311 699 2379 757 et
2467 691 2548 756 de

272 777 391 842 illa
463 779 721 842 cultura
794 799 941 864 quae
1006 787 1275 844 vocatur
1346 779 1805 857 Ravenesdale,
1865 786 1932 846 et
1994 780 2075 844 de
2127 784 2392 864 pastura
2463 779 2547 844 ad

270 863 453 928 mille
513 885 667 930 oves
719 872 787 930 et
836 865 919 930 ad
985 866 1291 931 animalia
1357 887 1502 951 quae
1563 867 1937 950 praedictam
1995 873 2234 932 terram
2307 866 2549 943 colunt,

270 951 344 1016 in
391 953 657 1036 campis,
702 953 775 1017 in
840 954 1061 1036 pratis,
1111 954 1182 1017 in
1226 954 1515 1018 mariscis
1557 954 1848 1038 ejusdem
1906 953 2100 1030 villae,
2145 974 2298 1019 cum
2345 953 2546 1038 perti-

270 1039 557 1104 nenciis:
628 1040 1067 1104 Donationem
1133 1091 1147 1105 .
1192 1089 1207 1105 .
1259 1091 1273 1105 .
1335 1061 1499 1124 quas
1569 1041 1903 1117 Ricardus,
1972 1041 2174 1120 Prior,
2243 1046 2310 1106 et
2384 1041 2545 1105 Con-

272 1133 511 1191 ventus
573 1125 634 1192 S.
701 1127 1040 1192 Trinitatis
1110 1127 1191 1191 de
1272 1127 1638 1192 Kirkeham
1711 1149 1827 1212 per
1894 1128 2213 1211 scriptum
2295 1127 2542 1212 [suum]

272 1212 571 1277 fecerunt
598 1213 848 1278 Abbati
900 1221 967 1278 et
1016 1214 1349 1280 monachis
1397 1215 1724 1298 praedictis
1755 1215 1835 1278 de
1864 1215 2116 1279 duobus
2160 1214 2364 1287 tostis,
2395 1234 2545 1278 cum

273 1301 710 1384 pertinenciis,
740 1301 812 1365 in
840 1300 1002 1365 villa
1030 1301 1111 1366 de
1138 1301 1476 1380 Folketon,
1508 1309 1576 1366 et
1604 1303 1940 1386 sexaginta
1968 1302 2134 1366 acris
2163 1308 2366 1378 terrae,
2394 1321 2544 1365 cum

270 1387 711 1471 pertinenciis,
760 1387 833 1452 in
882 1387 1118 1452 Waldo
1170 1387 1252 1453 (16
1301 1389 1678 1466 Folketona‚
1730 1397 1797 1454 et
1842 1389 1924 1453 de
1981 1409 2114 1453 uno
2172 1388 2544 1453 molendino

272 1472 659 1551 ventritico‚¹
692 1495 842 1539 cum
870 1475 1021 1540 sede
1049 1475 1257 1559 ipsius
1299 1475 1660 1540 molendini
1688 1482 1756 1540 et
1783 1475 2084 1540 omnibus
2126 1475 2544 1560 pertinenciis

272 1562 428 1638 suis,
474 1561 547 1624 in
596 1561 759 1626 villa
808 1562 891 1626 de
931 1562 1443 1644 Flotemaneby:
1485 1563 1924 1627 Donationem
1969 1613 1984 1628 .
2028 1611 2044 1628 .
2095 1613 2110 1628 .
2156 1582 2319 1647 quas
2376 1561 2544 1624 Wil-

272 1647 511 1713 lelmus
539 1649 715 1713 filius
758 1649 1068 1713 Teobaldi
1110 1698 1126 1715 .
1171 1699 1187 1715 .
1234 1699 1251 1716 .
1300 1649 1457 1713 fecit
1495 1650 1640 1715 Deo
1682 1699 1698 1716 .
1743 1697 1760 1713 .
1806 1699 1820 1714 .
1869 1649 1950 1714 de
1999 1649 2329 1714 sexdecim
2379 1648 2544 1712 acris

272 1742 481 1813 terrae,
517 1756 662 1800 cum
716 1737 1153 1820 pertinenciis,
1179 1736 1254 1799 in
1283 1757 1510 1820 campo
1563 1736 1644 1801 de
1694 1736 2062 1801 Folketun:
2107 1735 2544 1800 Donationem

270 1873 289 1887 .
338 1871 353 1887 .
397 1871 414 1887 .
460 1843 621 1907 quas
674 1822 1004 1887 Walterus
1064 1823 1145 1887 de
1198 1823 1493 1887 Shankes
1553 1823 1634 1888 de
1692 1823 2160 1906 Flotemaneby
2205 1875 2220 1888 .
2267 1872 2282 1888 .
2327 1872 2343 1888 .
2388 1821 2547 1886 fecit

274 1909 417 1973 Deo
445 1917 515 1974 et
543 1909 876 1974 monachis
904 1910 1232 1993 praedictis
1263 1910 1343 1974 de
1387 1911 1640 1974 duabus
1669 1911 1832 1974 acris
1863 1918 1931 1976 et
1959 1910 2230 1974 dimidia
2257 1916 2444 1974 terrae
2473 1909 2544 1973 in

274 1996 647 2062 Suthdeiles
698 2017 893 2081 super
939 1996 1332 2062 Stokelinhil
1348 1996 1376 2050 ²-
1423 1999 1496 2061 in
1547 2004 1730 2081 parte
1778 1998 2080 2062 deversus
2119 1997 2338 2072 solem,
2367 2005 2436 2060 et
2465 1997 2544 2060 de

274 2105 408 2148 una
436 2084 591 2148 roda
620 2085 691 2147 in
720 2083 893 2148 valle
921 2083 1153 2148 subtus
1182 2085 1441 2148 Kambe
1468 2085 1918 2169 propinquiori
1947 2085 2174 2148 divisse
2204 2084 2285 2147 de
2314 2083 2544 2148 Folke-

272 2177 447 2248 tona,
506 2191 656 2235 cum
707 2171 1163 2254 pertinenciis:
1240 2171 1736 2236 concessionem
1781 2221 1796 2238 .
1844 2220 1862 2236 .
1908 2221 1926 2237 .
1975 2192 2135 2255 quas
2195 2171 2542 2254 Gregorius

272 2257 447 2322 filius
502 2258 774 2322 Henrici
820 2257 901 2322 de
951 2257 1311 2322 Folketona
1352 2309 1368 2323 .
1416 2307 1433 2325 .
1481 2308 1498 2324 .
1546 2259 1701 2322 fecit
1754 2259 1896 2322 Deo
1939 2307 1954 2322 .
2001 2307 2018 2324 .
2065 2307 2082 2323 .
2132 2258 2214 2322 de
2257 2259 2545 2341 quinque

272 2346 439 2409 acris
499 2352 703 2421 term,
762 2365 913 2409 cum
980 2345 1416 2429 pertinenciiS,
1476 2347 1548 2409 in
1606 2345 2001 2409 Folketona:
2051 2345 2543 2409 Concessionem

274 2483 289 2496 .
336 2481 351 2496 .
402 2481 415 2498 .
460 2453 623 2516 quas
653 2433 973 2496 Robertus
995 2432 1173 2496 filius
1201 2432 1483 2508 Thomae,
1506 2433 1674 2496 Baro
1697 2430 1778 2495 de
1803 2431 2156 2496 Grestoche
2199 2480 2218 2497 .
2264 2478 2283 2498 .
2330 2481 2345 2496 .
2392 2431 2545 2494 fecit

275 2519 418 2583 Deo
462 2569 481 2586 .
529 2568 547 2586 .
598 2567 613 2581 .
662 2519 742 2582 de
789 2526 935 2582 octo
987 2519 1152 2582 acris
1211 2526 1279 2584 et
1325 2519 1533 2582 tribus
1593 2518 1766 2583 rodis
1817 2525 2004 2582 terrae
2049 2523 2118 2582 et
2166 2517 2352 2601 prati,
2397 2538 2543 2581 cum

274 2607 711 2690 pertinenciiS‚
740 2607 811 2669 in
841 2605 1217 2681 Folketona,
1247 2626 1407 2688 quas
1452 2605 1695 2668 habent
1739 2606 1818 2668 de
1848 2605 2019 2670 dono
2063 2603 2397 2688 Ranulphi
2425 2604 2548 2667 fih'i

274 2693 554 2758 Walteri
582 2693 663 2756 de
692 2692 1068 2769 Folketona‚
1098 2698 1165 2756 et
1194 2691 1273 2757 de
1316 2698 1455 2755 tota
1482 2692 1600 2756 illa
1628 2691 1901 2770 cultura,
1930 2711 2082 2755 cum
2109 2691 2548 2775 pertinenciis,

275 2801 423 2864 quae
466 2786 733 2844 vocatur
792 2779 1101 2854 Gotehill,
1148 2799 1346 2862 quam
1392 2779 1635 2842 habent
1691 2779 1772 2842 de
1832 2779 1999 2842 dono
2058 2777 2376 2842 Wfflelmi
2426 2777 2548 2840 filii

276 2867 511 2950 Rogeri
539 2867 661 2930 filii
689 2867 968 2951 Malgeri
1019 2867 1100 2930 de
1148 2866 1675 2949 Hundemaneby
1703 2865 1776 2929 in
1827 2866 2053 2930 eadem
2099 2865 2293 2942 vinae,
2345 2871 2412 2928 et
2457 2864 2540 2928 de

274 2955 500 3019 decem
528 2954 693 3018 acris
745 2960 950 3029 terrae,
980 2973 1129 3017 cum
1178 2953 1613 3036 pertinenciiS,
1662 2953 1734 3016 in
1780 2952 1982 3017 latere
2030 2953 2261 3017 subtus
2305 2952 2548 3036 Lange·

276 3061 519 3124 campe,
549 3062 709 3124 quas
740 3040 985 3104 habent
1002 3039 1084 3104 de
1104 3039 1274 3104 dono
1299 3038 1572 3104 Walteri
1602 3040 1680 3103 de
1701 3040 2075 3116 Folketona,
2097 3046 2165 3104 et
2185 3039 2266 3103 de
2297 3038 2547 3103 duobus

276 3129 478 3205 tostis,
508 3148 659 3191 cum
710 3127 1143 3210 pertinenciiS,
1194 3127 1266 3190 in
1317 3126 1543 3190 eadem
1597 3126 1755 3190 villa
1799 3147 1944 3211 quae
1987 3125 2334 3210 aliquando
2369 3133 2549 3191 tene-

276 3215 437 3279 bant
454 3214 535 3280 (16
552 3214 843 3279 Waltero
866 3215 1001 3277 filio
1023 3213 1297 3278 Walteri
1320 3213 1403 3277 (16
1431 3213 1808 3290 Folketona,
1837 3222 1904 3278 et
1921 3214 2001 3278 de
2022 3213 2358 3298 sexaginta
2386 3212 2550 3277 acris

274 3308 481 3378 terrae,
508 3323 657 3366 cum
688 3301 1123 3384 pertinenciis
1153 3301 1223 3363 in
1246 3299 1483 3364 Waldo
1513 3301 1595 3365 de
1622 3300 1984 3365 Folketona
2004 3321 2166 3383 quas
2194 3300 2440 3364 habent
2469 3300 2548 3364 de

274 3389 447 3453 dono
476 3389 758 3465 Ricardi,
789 3388 1046 3465 Prioris,
1077 3396 1144 3451 et
1168 3387 1544 3452 Conventus
1575 3387 1638 3451 S.
1669 3387 2004 3451 Trinitatis
2033 3388 2114 3452 de
2147 3387 2546 3452 Kirkeham:

278 3477 775 3541 concessionem
819 3524 835 3541 .
884 3525 899 3539 .
946 3523 961 3538 .
1007 3495 1170 3559 quas
1230 3475 1517 3558 Rogerus
1576 3474 1752 3538 filius
1811 3474 2088 3558 Malgeri
2139 3473 2220 3538 de
2271 3473 2546 3538 Hunde-

274 3563 583 3627 mannebi
626 3611 644 3630 .
692 3610 709 3628 .
758 3612 775 3629 .
824 3561 981 3626 fecit
1010 3563 1153 3626 Deo
1196 3611 1211 3626 .
1258 3611 1273 3626 .
1317 3610 1336 3627 .
1384 3569 1453 3625 et
1496 3560 1578 3625 de
1620 3567 1900 3645 quatuor
1941 3561 2106 3626 acris
2149 3569 2354 3637 terrae,
2397 3581 2550 3624 cum

274 3650 715 3734 pertinenciis,
744 3650 815 3713 in
847 3648 1229 3724 Folketuna,
1258 3653 1325 3712 et
1368 3647 1451 3712 de
1493 3648 1697 3712 libero
1739 3649 1844 3712 itu
1887 3653 1954 3712 et
1984 3648 2199 3712 reditu
2242 3647 2549 3712 fratribus

276 3746 345 3802 et
403 3737 836 3801 servientibus
894 3743 963 3800 et
1014 3735 1329 3819 jumentis
1386 3735 1525 3798 suis
1583 3755 1699 3818 per
1762 3733 2062 3799 semitam
2121 3755 2268 3818 quae
2319 3741 2418 3799 est
2476 3734 2547 3798 in

274 3824 577 3888 orientali
630 3831 815 3907 parte
863 3823 1137 3886 culturae
1188 3821 1271 3886 de
1325 3820 1641 3886 Cotehill:
1708 3822 2145 3888 Donationem
2189 3869 2206 3888 .
2255 3871 2273 3887 .
2321 3871 2338 3888 .
2385 3841 2548 3905 quas

272 3912 609 3976 Walterus
668 3911 749 3974 de
795 3910 1156 3974 Folketona
1199 3959 1214 3974 .
1260 3955 1278 3973 .
1324 3958 1339 3972 .
1385 3909 1543 3972 fecit
1600 3909 1742 3972 Deo
1787 3959 1805 3975 .
1851 3959 1866 3974 .
1915 3957 1930 3974 .
1979 3908 2060 3972 de
2111 3908 2332 3973 decem
2387 3908 2549 3973 acris

274 4005 481 4074 terrae,
526 4018 677 4063 cum
720 3995 1159 4081 pertinenciis,
1202 3994 1273 4058 in
1314 3994 1517 4060 latere
1561 3995 1792 4060 subtus
1843 3996 2286 4080 Langecamp:
2328 3995 2548 4059 Dona-

274 4087 524 4150 tionem
566 4133 581 4148 .
633 4134 648 4150 .
696 4135 711 4150 .
756 4104 919 4168 quas
962 4082 1294 4146 Walterus
1344 4081 1518 4146 filius
1563 4082 1840 4148 Walteri
1882 4084 1964 4148 de
2008 4083 2366 4147 Folketona
2411 4131 2424 4146 .
2472 4130 2487 4147 .
2533 4131 2546 4145 .

275 4173 435 4238 fecit
464 4173 608 4236 Deo
653 4222 668 4237 .
714 4221 731 4238 .
780 4219 797 4237 .
847 4171 927 4235 de
974 4177 1113 4233 tota
1164 4167 1281 4232 illa
1325 4169 1619 4252 portione
1669 4176 1872 4246 terrae,
1912 4191 2063 4236 cum
2115 4168 2551 4253 pertinenciiS,

276 4280 423 4345 quae
446 4261 621 4342 jacet
648 4260 721 4322 in
752 4255 1273 4322 Baldewinedale
1314 4257 1489 4320 inter
1517 4263 1753 4321 terram
1803 4257 2065 4322 illorum
2113 4258 2194 4321 de
2233 4257 2552 4320 Ravenes-

274 4347 439 4422 dale,
472 4353 791 4431 quantum
821 4345 904 4410 de
934 4345 1076 4429 ipsa
1106 4343 1550 4408 Ravenesdale
1589 4352 1761 4409 terra
1790 4345 1982 4409 durat
2010 4345 2080 4409 in
2109 4344 2318 4408 latum
2348 4349 2552 4407 trans-

758 4479 778 4512 ¹
822 4478 1091 4531 Ventricio.

760 4545 782 4578 ²
814 4546 927 4597 The
950 4545 1087 4596 form
1108 4541 1167 4594 of
1186 4541 1297 4594 this
1318 4558 1475 4594 name
1494 4541 1544 4594 is
1565 4545 1714 4610 quite
1735 4545 2028 4596 uncertain.
