3075 5009
525 474 652 534 410
1178 490 1651 540 camulianum
1682 490 2143 539 manasses„

523 660 732 703 eorum
760 644 952 718 sociis,
984 644 1216 707 civibus
1241 653 1306 709 et
1333 647 1767 709 mercatoribus
1794 646 2140 721 Florenciae,
2170 646 2237 707 in
2276 652 2523 708 centum
2548 642 2808 723 quadra-

523 723 698 803 ginta
717 733 783 785 et
799 735 1060 805 quatuor
1081 728 1294 789 marcis
1314 728 1631 803 bonorum,
1654 748 1950 790 novorum
1968 736 2033 790 et
2048 727 2332 808 legalium
2352 726 2804 805 sterlingorum,

527 805 848 867 tresdecim
887 807 1096 868 solidis
1140 816 1206 871 et
1247 819 1510 889 quatuor
1551 810 1815 873 denariis
1904 810 2135 872 ualibet
2174 828 2377 871 marca
2415 806 2805 887 computatis,

527 895 592 947 et
638 886 704 947 in
752 888 948 949 tribus
995 890 1184 951 saccis
1237 898 1301 953 et
1346 890 1602 953 dimidio
1648 892 1823 953 bonae
1898 912 2033 953 anae
2087 890 2323 952 Domus
2366 897 2593 951 nostroe
2644 888 2807 949 bene

527 966 784 1043 brisatae,
815 989 938 1049 prae
1087 980 1164 1033 tae
1191 980 1257 1033 et
1281 972 1647 1051 ponderatas,
1670 972 2003 1034 secundum
2022 992 2200 1035 usum
2222 980 2286 1032 et
2306 968 2807 1032 consuetudinem

527 1048 762 1110 Domus
802 1070 928 1129 prae
973 1053 1140 1114 ictae:
1183 1052 1348 1127 Quas
1374 1051 1643 1133 quidem,
1684 1074 1796 1133 per
1834 1055 2227 1127 taxationem,
2272 1058 2520 1113 centum
2545 1048 2805 1131 quadra-

527 1130 699 1271 ginta
739 1140 803 1192 et
829 1140 1092 1211 quatuor
1130 1153 1362 1195 marcas
1401 1134 1846 1215 sterlingorum,
1878 1142 1943 1196 et
1982 1134 2303 1215 praedictos
2342 1142 2469 1193 tres
2508 1151 2711 1193 saccos
2738 1142 2809 1191 et

571 1212 850 1273 imidium
899 1213 1054 1275 lanae
1098 1216 1524 1294 promittimus,
1576 1225 1641 1277 et
1684 1223 1981 1291 tenemur,
2026 1236 2137 1295 per
2178 1214 2515 1295 legitimam
2555 1212 2809 1291 stipula·

527 1292 772 1368 tionem,
817 1294 1050 1357 solvere
1091 1302 1157 1357 et
1183 1295 1516 1359 deliberare
1545 1296 1723 1358 dictis
1761 1297 2211 1372 mercatoribus,
2241 1296 2339 1357 vel
2380 1296 2491 1357 uni
2542 1291 2805 1365 eoruml,

529 1381 638 1435 aut
684 1394 894 1436 eorum
943 1385 1110 1438 certo
1155 1379 1374 1439 nuntio
1429 1378 1538 1439 has
1594 1378 1831 1440 litteras
1878 1378 2197 1453 deferenti,
2261 1378 2327 1438 in
2388 1396 2517 1437 nun
2560 1376 2679 1435 inis
2738 1342 2801 1435 ἐ.

530 1454 758 1517 Botulfi
807 1457 969 1535 apud
1022 1458 1084 1519 S.
1133 1457 1452 1520 Botulfum
1499 1459 1661 1521 infra
1705 1480 1898 1521 unum
1947 1477 2217 1521 mensem
2268 1458 2617 1538 proximum
2662 1465 2811 1535 post

528 1535 756 1597 festum
797 1536 1158 1600 Nativitatis
1185 1539 1244 1600 S.
1276 1539 1320 1601 J
1321 1540 1577 1602 ohannis
1618 1540 1929 1621 Baptistae,
1961 1542 2034 1601 A.
2057 1540 2133 1601 D.
2166 1540 2261 1601 Μ’
2280 1546 2369 1600 cc⁰
2416 1539 2807 1617 octogesimo,

531 1618 662 1679 sine
687 1618 974 1680 ulteriore
1003 1620 1310 1683 dilatione.
1385 1620 1452 1683 Si
1478 1641 1625 1684 vero
1652 1622 1817 1683 dicta
1844 1622 2101 1701 pecunia
2126 1629 2192 1682 et
2216 1620 2383 1682 dicta
2409 1619 2548 1680 lana
2572 1617 2809 1681 eisdem

529 1700 981 1775 mercatoribus,
1033 1704 1193 1763 sicut
1245 1702 1479 1765 dictum
1527 1712 1637 1777 est,
1689 1702 1995 1783 praedictis
2048 1702 2182 1763 loco
2232 1712 2295 1762 et
2342 1702 2621 1773 termino,
2678 1718 2808 1760 non

530 1781 720 1842 fuerit
746 1782 984 1862 integre
1013 1783 1319 1862 persoluta
1344 1792 1408 1845 et
1435 1784 1691 1859 reddita,
1722 1804 1801 1845 ex
1828 1793 1975 1845 tunc
2002 1784 2068 1845 in
2094 1790 2291 1857 antea,
2322 1782 2567 1843 nomine
2594 1790 2815 1841 nostro

530 1869 594 1923 et
621 1860 978 1925 Monasterii
1019 1866 1228 1939 nostri,
1260 1864 1672 1944 promittimus
1698 1873 1763 1925 et
1800 1872 2082 1927 tenemur
2106 1884 2216 1945 per
2241 1862 2593 1944 praedictam
2618 1862 2815 1942 stipu-

531 1942 822 2005 lationem
861 1943 1006 2005 dare
1049 1954 1114 2006 et
1152 1945 1384 2009 solvere
1424 1945 1605 2008 dictis
1646 1947 2095 2021 mercatoribus,
2140 1945 2237 2007 vel
2280 1944 2385 2005 uni
2427 1962 2657 2015 eorum,
2698 1951 2812 2003 aut

531 2043 742 2085 eorum
769 2034 936 2087 certo
977 2026 1208 2101 nuntio,
1241 2048 1348 2107 per
1373 2026 1645 2107 singulos
1671 2027 1824 2089 duos
1866 2048 2119 2102 meuses
2151 2046 2263 2107 pro
2301 2025 2557 2105 singulis
2596 2023 2811 2085 decem

532 2106 748 2167 marcis
775 2106 1094 2185 praedictis,
1117 2128 1301 2169 unam
1322 2128 1585 2169 marcam
1606 2108 1784 2170 dictae
1813 2116 2072 2171 monetae
2098 2128 2210 2188 pro
2230 2106 2811 2186 recompensatione,

531 2186 824 2248 interesse
851 2197 916 2248 et
942 2189 1238 2268 expensis,
1265 2198 1329 2250 et
1349 2210 1647 2269 expensas
1668 2190 1845 2251 unius
1866 2190 2234 2261 mercatoris,
2258 2207 2394 2249 cum
2414 2208 2539 2249 uno
2558 2206 2721 2267 equo
2748 2196 2817 2248 et

531 2268 849 2343 serviente,
875 2269 1218 2351 ubicunque
1237 2270 1423 2332 fuerit
1449 2280 1763 2345 mereator,
1794 2291 1986 2351 usque
2012 2270 2090 2332 ad
2118 2270 2417 2349 integram
2444 2268 2809 2329 solutionem

533 2348 724 2411 totius
753 2351 1021 2429 pecuniae
1047 2362 1410 2425 memoratae,
1443 2362 1507 2414 et
1533 2352 1685 2414 lanae
1714 2352 2091 2431 supradictae,
2122 2364 2187 2412 et
2228 2370 2523 2431 expensas
2564 2349 2815 2428 insuper

533 2430 724 2492 factas
745 2440 810 2492 et
829 2431 1132 2494 faciendas
1152 2442 1280 2494 tam
1307 2434 1370 2495 in
1398 2433 1626 2512 judicio
1653 2452 1831 2512 quam
1862 2442 2037 2495 extra
2063 2432 2363 2512 judicium
2390 2451 2501 2511 pro
2522 2428 2815 2509 praedicta

535 2512 792 2591 pecunia
843 2522 909 2573 et
963 2512 1128 2575 dicta
1174 2514 1314 2575 lana
1366 2515 1793 2594 recuperanda,
1849 2514 2171 2576 reddemus
2220 2522 2285 2574 et
2338 2510 2815 2573 restaurabimus

535 2592 761 2655 eisdem
787 2596 1238 2668 mercatoribus,
1271 2615 1452 2675 super
1476 2597 1702 2675 quibus
1740 2594 2009 2657 creditur
2036 2596 2138 2670 eis,
2170 2595 2268 2656 vel
2296 2594 2405 2655 uni
2446 2612 2675 2667 eorum,
2706 2602 2817 2653 aut

536 2694 744 2735 eorum
785 2676 1006 2737 nuntio
1045 2696 1154 2755 per
1181 2676 1440 2756 simplex
1466 2676 1721 2738 verbum
1762 2696 1940 2739 suum
1982 2686 2239 2749 tantum,
2284 2676 2415 2736 sine
2443 2675 2809 2753 juramento,

535 2763 599 2817 et
625 2754 745 2819 alia
772 2757 1142 2836 probatione.
1229 2758 1286 2819 N
1291 2778 1358 2819 ec
1385 2758 1869 2838 computabimus
1912 2758 2103 2819 dictas
2144 2775 2439 2835 expensas
2479 2756 2547 2816 in
2586 2762 2815 2815 sortem

536 2836 684 2899 dicti
734 2836 946 2913 debiti,
995 2858 1104 2901 nec
1149 2839 1543 2900 retinebimus
1599 2838 1957 2918 praedictum
2010 2838 2285 2899 debitum
2338 2837 2456 2897 sub
2508 2842 2815 2916 praetextu

535 2920 1108 2998 recompensationis
1135 2920 1437 3000 praedictae
1457 2928 1668 2981 contra
1688 2920 2069 2982 voluntatem
2088 2918 2390 2979 dictorum
2410 2925 2816 2979 mercatorum

537 2998 700 3061 ultra
755 3000 1082 3062 terminum
1152 3002 1524 3082 praedictum.
1646 3001 1770 3063 Pro
1824 3001 2045 3081 quibus
2108 2999 2389 3061 omnibus
2444 3006 2509 3059 et
2562 2998 2819 3078 singulis

539 3080 862 3143 antedictis
888 3082 1146 3143 firmiter
1163 3091 1225 3144 et
1253 3082 1514 3143 fideliter
1533 3082 1925 3144 observandis
1946 3090 2010 3143 et
2035 3080 2455 3163 adimplendis,
2476 3078 2819 3159 obligamus

537 3180 648 3223 nos
675 3171 740 3223 et
767 3162 1205 3224 Monasterium
1233 3170 1529 3237 nostrum,
1560 3172 1625 3225 et
1650 3182 2019 3225 successores
2046 3171 2307 3237 nostros,
2336 3170 2400 3223 et
2426 3161 2633 3221 omnia
2658 3160 2821 3221 bona

537 3252 762 3317 nostra,
794 3253 858 3304 et
886 3244 1242 3305 Monasterii
1283 3245 1477 3306 nostri
1519 3254 1584 3307 et
1622 3264 2031 3306 successorum
2068 3252 2435 3317 nostrorum,
2478 3240 2729 3303 mobilia
2756 3249 2821 3301 et

536 3323 886 3400 immobilia,
918 3326 1240 3404 praesentia
1267 3333 1330 3386 et
1351 3326 1576 3400 futura,
1608 3326 2007 3387 ecclesiastica
2034 3333 2098 3386 et
2122 3322 2448 3399 mundana,
2470 3322 2819 3402 ubicunque

537 3404 771 3467 fuerint
805 3406 1074 3481 inventa,
1105 3406 1285 3468 dictis
1327 3408 1759 3468 mercatoribus
1801 3416 1865 3468 et
1904 3426 2113 3469 eorum
2152 3406 2329 3468 sociis
2356 3426 2426 3466 ac
2452 3403 2815 3475 haeredibuS,

539 3506 734 3566 usque
761 3487 840 3548 ad
868 3488 1168 3567 integram
1197 3487 1559 3549 solutionem
1589 3488 1861 3549 omnium
1890 3488 2336 3567 praedictorum,
2368 3485 2823 3547 Renunciantes

538 3567 605 3628 in
652 3568 770 3629 hiis
817 3570 1101 3630 omnibus
1143 3576 1208 3630 et
1249 3568 1500 3650 singulis
1548 3569 1885 3643 antedictis,
1944 3588 2055 3649 pro
2103 3569 2279 3630 nobis
2332 3576 2397 3629 et
2445 3566 2823 3628 Monasterio

539 3658 764 3723 nostro,
797 3657 862 3710 et
888 3650 1326 3712 successoribus
1355 3651 1579 3711 nostris
1606 3651 1769 3711 omni
1797 3650 1950 3729 juris
1970 3650 2199 3711 auxilio
2226 3648 2495 3710 canonici
2517 3656 2584 3710 et
2602 3646 2819 3719 civilis,

583 3730 860 3811 rivilegio
889 3730 1203 3792 clericatus
1231 3740 1294 3792 et
1321 3732 1454 3808 fori,
1486 3732 1653 3792 omni
1680 3732 2119 3793 consuetudine
2148 3740 2212 3792 et
2238 3737 2488 3804 statute,
2539 3728 2823 3790 omnibns

562 3811 762 3873 itteris
789 3820 852 3873 et
880 3812 1051 3873 indul
1097 3812 1278 3874 entiis
1305 3822 1370 3873 et
1395 3814 1727 3893 privilegiis
1754 3834 1821 3873 ac
1842 3812 2308 3874 inhibitionibus
2329 3832 2366 3872 a
2386 3810 2543 3873 Sede
2562 3810 2625 3870 A
2736 3817 2823 3870 to-

538 3892 670 3967 lica,
697 3901 760 3954 et
779 3912 816 3953 a
837 3894 1020 3973 Regis
1091 3894 1227 3955 uria
1243 3894 1584 3974 impetratis
1601 3904 1664 3955 et
1683 3893 2097 3973 impetrandis,
2120 3892 2508 3954 conventioni
2524 3828 2820 3971 judligi'im,

541 3974 1004 4036 contradictioni
1043 3974 1384 4036 litterarum
1433 3976 1937 4054 Apostolicarum,
1988 3974 2411 4037 constitutioni
2459 3972 2539 4034 de
2586 3971 2822 4033 duabus

541 4055 756 4117 diebus
783 4056 964 4117 editae
993 4057 1055 4116 in
1084 4055 1356 4118 Concilio
1375 4058 1397 4097 1
1425 4056 1730 4129 Generali,
1762 4066 1827 4117 et
1854 4056 2197 4136 specialiter
2223 4053 2620 4134 indulgentias
2648 4051 2825 4115 Sedis

543 4137 755 4215 Apost.
786 4138 1062 4216 Anglicis
1102 4157 1414 4213 concessae,
1459 4158 1582 4217 qua
1622 4148 1873 4199 cavetur
1914 4158 1991 4199 ne
2031 4137 2275 4217 Anglici
2318 4144 2494 4197 extra
2534 4132 2821 4215 Angliam

543 4218 866 4279 trahantur
909 4218 988 4279 ad
1033 4238 1240 4279 causas
1288 4238 1397 4298 per
1441 4219 1677 4281 litteras
1734 4219 1911 4279 dictae
1968 4219 2177 4280 Sedis:
2234 4225 2300 4278 et
2352 4216 2635 4277 omnibus
2690 4214 2826 4275 aliis

544 4300 1018 4380 exceptionibus,
1063 4300 1304 4379 juribus
1345 4310 1410 4362 et
1449 4300 1920 4373 defensionibus,
1972 4298 2389 4379 personalibus
2428 4305 2495 4359 et
2542 4296 2821 4369 realibus,

546 4400 682 4461 quse
737 4381 927 4455 nobis,
973 4381 1348 4443 Monasterio
1403 4390 1629 4455 nostro,
1688 4388 1753 4443 et
1806 4380 2251 4443 successoribus
2305 4379 2529 4441 nostris
2578 4387 2830 4458 possent

1414 4486 1432 4519 ¹
1468 4488 1707 4539 VVritten
1730 4488 1953 4538 consilio,
