3075 5009
1199 499 1544 548 APPENDIX.
2395 491 2474 549 42
2489 491 2514 548 l

238 659 449 722 Abbas
475 658 583 739 qui
610 677 773 718 nunc
794 664 905 732 est,
936 664 1000 719 et
1026 657 1307 720 similiter
1333 676 1540 719 omnes
1560 657 1834 718 Abbates
1853 656 1969 718 loci
1992 657 2283 738 praedicti,
2307 660 2530 738 praede·

239 759 503 803 cessores
530 740 640 816 sui,
672 759 911 819 semper
936 760 973 801 a
999 747 1275 820 tempore
1302 759 1423 819 quo
1451 760 1576 800 non
1610 746 1783 800 extat
1808 740 2115 814 memoria,
2145 739 2359 820 piscati
2385 750 2533 804 sunt

240 826 305 884 in
332 822 625 903 praedicta
650 841 811 900 aqua
836 820 913 882 de
942 819 1144 896 Costa,
1174 821 1280 883 ubi
1308 820 1473 882 idem
1500 821 1709 882 Abbas
1735 821 1931 882 solum
1959 821 2146 882 habet
2165 842 2245 884 ex
2272 830 2529 902 utraque

238 914 430 984 parte,
462 912 534 964 ut
561 904 625 964 in
668 903 797 964 solo
841 923 951 964 suo
979 903 1241 984 proprie,
1272 910 1337 964 et
1380 904 1442 963 in
1471 903 1777 982 praedictis
1818 903 1991 982 aquis
2033 903 2110 964 de
2136 903 2430 966 Derwent
2470 915 2532 966 et

240 987 377 1066 Rya
414 1006 524 1065 per
562 985 787 1046 divisas
814 984 1151 1064 praedictas,
1184 994 1247 1047 et
1282 985 1563 1046 similiter
1600 985 1666 1046 in
1703 983 1994 1064 praedicta
2033 1005 2193 1064 aqua
2233 986 2310 1047 de
2348 985 2533 1048 Costa

240 1069 346 1131 ubi
388 1067 585 1128 solum
622 1066 810 1146 ipsius
837 1066 1101 1128 Abbatis
1142 1087 1209 1128 se
1248 1066 1528 1128 extendit
1566 1085 1644 1128 ex
1684 1086 1806 1127 una
1847 1074 2018 1144 parte
2047 1066 2322 1146 ejusdem
2360 1089 2530 1148 aquae

241 1157 483 1211 tantum
510 1168 721 1210 versus
748 1147 965 1226 Ryam,
995 1146 1157 1209 idem
1182 1149 1395 1210 Abbas
1437 1149 1542 1228 qui
1569 1169 1732 1210 nunc
1773 1155 1882 1223 est,
1914 1155 1980 1210 et
2019 1147 2297 1209 similiter
2323 1170 2532 1212 omnes

240 1232 515 1293 Abbates
562 1229 678 1292 loci
719 1229 1013 1310 praedicti,
1056 1228 1521 1310 praedecessores
1569 1229 1680 1304 sui,
1713 1248 1964 1310 semper,
2011 1250 2048 1291 a
2093 1239 2366 1311 tempore
2407 1251 2530 1312 quo

242 1334 365 1375 non
406 1319 581 1374 extat
619 1311 924 1386 memoria,
957 1311 1173 1391 piscati
1214 1319 1359 1372 sunt
1398 1311 1463 1371 in
1506 1311 1734 1373 eisdem
1768 1320 1839 1371 ut
1880 1311 1944 1373 in
1972 1312 2228 1392 piscaria
2253 1333 2362 1374 sua
2400 1335 2532 1394 pro-

240 1395 391 1476 pria,
448 1393 794 1490 pertinente
848 1393 928 1454 ad
982 1393 1333 1473 praedictam
1396 1401 1618 1454 terram
1677 1392 1968 1468 hidatam,
2027 1413 2160 1472 quae
2223 1413 2384 1456 nunc
2439 1404 2532 1457 est

241 1495 513 1538 maneria
539 1474 843 1557 praedicta,
875 1483 1060 1553 prout
1086 1474 1252 1536 idem
1277 1475 1489 1536 Abbas
1516 1475 1794 1554 superius
1821 1475 2034 1536 asserit
2055 1475 2302 1538 :—Ideo
2321 1477 2532 1538 Abbas

242 1558 388 1620 inde
428 1557 556 1618 sine
591 1556 708 1632 die,
739 1557 909 1618 salvo
950 1575 1187 1636 semper
1225 1557 1361 1636 jure
1403 1565 1514 1617 etc.
1603 1556 1732 1624 Nos
1759 1563 1968 1618 autem
1995 1556 2229 1619 litteras
2271 1566 2336 1619 et
2363 1560 2532 1621 certi-

242 1640 553 1702 ficationes
616 1636 952 1718 praedictas,
1018 1639 1093 1700 ad
1151 1638 1611 1718 requisitionem
1665 1637 1870 1699 dilecti
1926 1638 2101 1699 nobis
2166 1639 2230 1700 in
2285 1639 2532 1702 Christo

239 1722 283 1782 J
285 1721 559 1794 ohannis,
588 1739 751 1781 nunc
777 1720 1037 1782 Abbatis
1078 1720 1193 1780 loci
1235 1719 1528 1799 praedicti,
1561 1727 1772 1780 tenore
1814 1719 2204 1799 praesentium
2245 1719 2530 1784 duximus

242 1801 821 1882 exemplificandum.
910 1801 981 1862 T.
1070 1803 1239 1880 Rege
1268 1800 1432 1881 apud
1459 1801 1718 1864 Westm.
1749 1823 1792 1862 x
1821 1801 1920 1862 die
1948 1801 2119 1862 Julii.

328 1965 760 2108 100.U[1Patent
785 1963 975 2026 Rolls.
1066 1968 1101 2025 3
1130 1964 1259 2027 Ric.
1286 1979 1354 2025 11.
1382 1963 1615 2046 [1380],
1648 1974 1788 2043 part
1811 1969 1864 2039 2,
1895 1984 1974 2026 m.
2001 1963 2088 2047 4.]
2163 1965 2260 2026 De
2287 1964 2532 2027 lieentia

238 2048 429 2110 dandi
588 2065 836 2108 manum
878 2046 1422 2108 mortuam—Rex
1463 2046 1745 2107 omnibus
1787 2045 1866 2106 ad
1907 2065 2060 2125 quos
2088 2053 2221 2120 etc„
2253 2047 2526 2109 salutem.

240 2130 415 2192 Licet
462 2136 595 2203 etc„
626 2136 832 2189 tamen
873 2147 985 2206 pro
1012 2127 1234 2207 viginti
1276 2127 1485 2188 solidis
1514 2147 1666 2206 quos
1706 2127 1963 2189 dilectus
1991 2126 2166 2190 nobis
2193 2129 2258 2188 in
2285 2128 2530 2192 Christo

239 2212 451 2274 Abbas
491 2210 570 2271 de
610 2208 885 2272 Rievalle
926 2209 1103 2272 nobis
1142 2209 1327 2271 solvit
1367 2210 1431 2269 in
1460 2209 1814 2288 Hanaperio
1855 2217 2082 2284 nostro,
2128 2211 2530 2273 concessimus

240 2302 305 2356 et
344 2293 653 2355 licentiam
680 2291 961 2352 dedimus
998 2311 1109 2372 pro
1148 2291 1327 2353 nobis
1368 2298 1433 2352 et
1472 2290 1816 2353 haeredibus
1854 2292 2096 2364 nostris,
2127 2299 2426 2369 quantum
2464 2293 2530 2354 in

236 2374 417 2438 nobis
442 2381 553 2448 est,
583 2373 825 2453 Rogero
864 2372 945 2434 de
970 2372 1275 2448 Moreton,
1306 2373 1552 2453 juniori,
1583 2371 1722 2434 civi
1747 2372 1947 2448 Ebor.‚
1980 2372 2143 2452 quod
2171 2373 2299 2452 ipse
2341 2393 2530 2435 unum

240 2457 633 2537 mesuagium,
684 2475 823 2516 cum
870 2455 1279 2535 pertinenciis,
1330 2455 1396 2515 in
1442 2454 1736 2516 suburbio
1780 2453 1983 2526 Ebor.‚
2025 2454 2189 2533 quod
2229 2454 2308 2516 de
2354 2457 2530 2518 nobis

240 2547 414 2602 tenet
466 2539 531 2599 in
585 2537 878 2618 burgagio
934 2536 1221 2598 Civitatis
1276 2535 1599 2614 praedictae,
1663 2536 1809 2596 dare
1863 2535 2056 2614 possit
2111 2543 2177 2596 et
2221 2537 2528 2618 assignare

239 2620 497 2702 praefato
514 2619 745 2682 Abbati
774 2625 837 2680 et
856 2617 1205 2680 Conventui
1234 2617 1509 2697 ejusdem
1537 2617 1670 2692 loci,
1705 2616 2074 2678 Habendum
2120 2664 2134 2677 .
2180 2663 2195 2677 .
2239 2665 2252 2679 .
2303 2619 2526 2680 eisdem

238 2703 475 2765 Abbati
514 2709 579 2764 et
618 2700 966 2763 Conventui
1002 2707 1068 2761 et
1108 2699 1549 2762 successoribus
1596 2700 1737 2773 suis,
1781 2699 1860 2759 ad
1903 2697 2222 2760 dicendam
2259 2701 2529 2780 qualibet

238 2785 341 2846 die
396 2783 703 2864 quandam
760 2781 1071 2844 collectam
1125 2781 1205 2842 ad
1265 2781 1511 2842 missam
1561 2781 1628 2841 B.
1689 2780 1902 2842 Mariae
1961 2779 2026 2840 in
2079 2779 2344 2842 Ecclesia
2399 2783 2528 2862 ipsa

238 2867 501 2929 Abbatis
549 2873 613 2926 et
660 2863 1015 2926 Conventus
1068 2863 1135 2924 B.
1188 2863 1401 2924 Mariae
1456 2863 1533 2924 de
1588 2860 1861 2924 Rievalle
1917 2881 2028 2941 pro
2081 2862 2286 2924 anima
2338 2864 2527 2942 ipsius

238 2949 480 3029 Rogeri,
511 2966 649 3008 cum
690 2946 768 3007 ab
795 2945 907 3006 hac
934 2945 1069 3006 luce
1110 2944 1479 3025 migraverit,
1511 2952 1575 3005 et
1615 2944 1930 3004 animabus
1958 2944 2230 3004 omnium
2257 2944 2524 3006 fidelium

235 3031 667 3092 defunctorum
708 3029 1192 3108 imperpetuum:
1234 3027 1318 3086 Et
1357 3026 1584 3087 eisdem
1613 3025 1844 3087 Abbati
1885 3033 1950 3086 et
1977 3025 2322 3087 Conventui
2363 3026 2526 3106 quod

236 3113 356 3192 ipsi
394 3110 771 3189 mesuagium
806 3108 1163 3188 praedictum
1205 3155 1219 3168 .
1265 3156 1279 3169 .
1324 3153 1341 3170 .
1388 3128 1425 3168 a
1450 3107 1706 3188 praefato
1732 3107 1972 3186 Rogero
2001 3107 2265 3186 recipere
2293 3109 2528 3188 possint

235 3203 303 3255 et
344 3201 566 3267 tenere,
596 3191 711 3252 sibi
756 3199 819 3252 et
858 3189 1301 3250 suecessoribus
1340 3188 1464 3250 suis
1505 3188 1830 3270 praedictis,
1861 3188 2324 3268 imperpetuum,
2369 3191 2526 3251 sicut

236 3274 593 3356 praedictum
650 3279 763 3346 est,
820 3280 1031 3333 tenore
1086 3270 1489 3350 praesentium,
1549 3270 1830 3331 similiter
1882 3270 2186 3331 licentiam
2247 3270 2525 3334 dedimus

236 3355 575 3436 specialem,
625 3359 857 3416 statuto
906 3351 1212 3432 praedicto,
1264 3372 1374 3414 seu
1420 3371 1494 3412 eo
1536 3351 1704 3430 quod
1751 3352 1983 3413 dictum
2032 3354 2406 3431 mesuagium
2447 3355 2524 3414 de

234 3439 413 3500 nobis
460 3443 705 3498 tenetur
750 3436 815 3496 in
867 3435 1175 3513 burgagio,
1234 3443 1307 3495 ut
1360 3432 1718 3513 praedictum
1775 3442 1884 3508 est,
1941 3453 2066 3494 non
2121 3433 2522 3510 obstantibus,

235 3519 515 3580 nolentes
569 3517 733 3596 quod
790 3515 1113 3596 praedictus
1161 3515 1436 3595 Rogerus
1490 3515 1588 3575 vel
1645 3515 1914 3576 haeredes
1963 3515 2073 3588 sui,
2125 3524 2234 3576 aut
2287 3516 2522 3594 praefati

232 3601 446 3663 Abbas
487 3608 551 3662 et
592 3599 961 3672 Conventus,
1006 3617 1113 3658 seu
1151 3615 1518 3659 successores
1560 3596 1674 3671 sui,
1715 3597 1952 3658 ratione
1993 3597 2206 3657 statuti
2251 3597 2522 3675 praedicti

234 3692 346 3744 aut
384 3682 641 3743 aliorum
682 3680 1145 3759 praemissorum,
1176 3699 1288 3760 per
1312 3699 1423 3740 nos
1452 3677 1550 3740 vel
1587 3677 1856 3740 haeredes
1897 3686 2135 3740 nostros
2175 3698 2282 3739 seu
2325 3679 2525 3740 minis-

232 3775 363 3827 tros
408 3771 661 3838 nostros,
706 3763 805 3822 vel
846 3760 1155 3822 haeredum
1203 3769 1568 3834 nostrorum,
1611 3779 2018 3840 quoscunque,
2050 3760 2520 3836 occasionentur‚

232 3847 636 3908 molestentur
676 3843 741 3904 in
782 3843 1003 3923 aliquO,
1048 3862 1157 3904 seu
1195 3851 1539 3923 graventur.
1629 3842 1704 3903 In
1747 3842 1922 3922 cujus
1965 3842 2050 3902 rei
2108 3841 2522 3904 testimonium

232 3937 349 3991 etc.
433 3928 502 3988 T.
576 3926 743 4006 Rege
770 3925 933 4005 apud
960 3923 1216 3986 VVestm.
1246 3927 1356 3986 xix
1384 3925 1484 3985 die
1513 3923 1758 4003 Aprilis.

320 4094 456 4152 101.
504 4090 667 4174 [Inq.
696 4087 773 4150 ad
802 4087 982 4164 Quod
1024 4086 1361 4161 damnum,¹
1398 4090 1471 4147 14
1501 4087 1630 4148 Ric.
1665 4103 1730 4147 11.
1759 4085 2002 4169 [1390],
2029 4085 2146 4147 No,
2179 4086 2524 4168 104.]—1n-

232 4173 482 4254 quisitio
526 4179 703 4252 capta
742 4170 907 4250 apud
948 4169 1127 4232 Ebor.
1172 4168 1393 4230 ultimo
1433 4168 1535 4229 die
1561 4169 1830 4249 Augusti
1856 4168 1942 4228 A⁰
1969 4188 2014 4228 r.
2048 4167 2235 4248 Regis
2276 4169 2522 4230 Ricardi

230 4254 483 4318 secundi
526 4261 666 4334 post
702 4252 1121 4332 conquestum
1150 4248 1390 4330 Angliae
1433 4257 1652 4330 quarto
1694 4249 1943 4323 decimo,
1985 4268 2186 4310 coram
2213 4247 2522 4313 Willelmo

230 4339 427 4412 Frost‚
458 4335 779 4397 Escaetore
820 4333 971 4395 dicti
1012 4332 1263 4394 Domini
1290 4331 1475 4411 Regis
1516 4333 1580 4395 in
1623 4331 1793 4394 Com.
1824 4331 2024 4405 Ebor.‚
2059 4330 2288 4392 virtute
2329 4333 2522 4411 cujus-

230 4421 374 4481 dam
415 4419 617 4479 brevis
656 4416 805 4478 dicti
850 4415 1097 4477 Domini
1141 4413 1326 4493 Regis
1374 4421 1439 4474 et
1482 4413 1626 4478 huic
1674 4411 2067 4492 Inquisitioni
2113 4413 2368 4485 consuti,
2415 4435 2525 4492 per

298 4527 313 4559 ¹
352 4525 497 4576 Writ
522 4522 787 4589 directing
810 4522 903 4573 the
926 4520 1239 4588 inquisition
1263 4520 1425 4572 dated
1448 4529 1507 4576 at
1528 4521 1929 4580 §Vestminsten
1957 4520 1990 4570 9
2015 4519 2162 4586 May,
2197 4520 2254 4570 13
2279 4519 2392 4571 Βία.
2423 4535 2484 4574 11.
