3075 5009
942 455 1416 505 GARTULARIUM
1444 456 1909 506 RIEVALLENSE.
2441 447 2476 504 2
2489 447 2568 506 79

278 611 631 678 donatione
674 612 723 678 J
723 612 1001 677 ohannis
1044 613 1125 677 de
1170 613 1636 690 Semer—scil.,
1665 615 1746 679 de
1790 635 1922 679 uno
1953 615 2118 679 tofto
2163 635 2314 679 cum
2343 615 2569 692 crofto,

278 708 348 766 et
391 700 693 764 omnibus
744 700 1182 785 pertinenciis,
1228 701 1301 764 in
1355 701 1699 766 Carletona
1732 701 1858 787 [in]
1908 701 2304 785 Clyveland:
2349 702 2567 767 Dona-

280 788 529 853 tionem
580 787 797 864 etiam,
845 788 1339 866 concessionem,
1387 789 1942 853 confirmationem
1993 795 2062 853 et
2118 789 2566 854 remissionem

280 895 447 959 quas
475 874 703 939 Simon
733 874 814 938 de
843 874 995 952 Ver,
1025 874 1199 938 filius
1240 875 1522 940 Simonis
1555 876 1634 940 de
1664 876 1815 954 Ver,
1859 926 1875 941 .
1921 925 1938 941 .
1989 925 2004 940 .
2047 875 2204 940 fecit
2234 876 2377 940 Deo
2419 927 2436 942 .
2481 925 2497 941 .
2550 923 2566 941 .

279 963 362 1027 de
421 981 639 1026 annuo
697 960 957 1026 redditu
1023 962 1329 1026 undecim
1386 963 1741 1027 solidorum
1800 968 1867 1027 et
1925 970 2070 1028 octo
2128 962 2559 1039 denariorum,

277 1069 477 1133 quem
505 1048 845 1114 annuatim
874 1048 958 1112 ab
988 1049 1232 1113 eisdem
1276 1049 1524 1114 solebat
1567 1051 1850 1134 recipere
1875 1070 1993 1133 pro
2023 1050 2272 1114 tenuris
2301 1050 2438 1114 suis
2482 1050 2564 1114 de

278 1136 525 1220 Magna
556 1142 623 1199 et
650 1134 859 1200 Parva
888 1134 1324 1220 Reydisdale,1
1368 1143 1437 1201 et
1480 1137 1562 1202 (16
1607 1137 1859 1202 duobus
1887 1136 2110 1202 solidis
2154 1157 2318 1220 quos
2358 1156 2566 1201 annu-

276 1224 440 1288 atim
515 1224 771 1306 exigere
828 1229 1249 1288 consueverat
1305 1243 1423 1307 pro
1474 1231 1847 1289 tenemento
1905 1245 2022 1289 suo
2081 1223 2161 1288 de
2220 1223 2495 1289 Huhrs

278 1310 752 1375 Remissionem
794 1309 1063 1393 insuper
1091 1317 1158 1374 et
1201 1311 1491 1394 quietam
1534 1311 1952 1376 clamantiam
1995 1331 2157 1395 quas
2187 1311 2386 1375 Wille
2415 1331 2564 1375 mus

279 1397 361 1462 de
413 1397 823 1461 Malebisse.
870 1445 885 1461 .
930 1397 1154 1461 .fecit
1197 1399 1334 1462 Deo
1379 1397 1651 1466 ..de
1703 1419 1920 1462 annuo
1964 1398 2226 1463 redditu
2271 1398 2562 1462 dimidiae

278 1505 512 1548 marcae
558 1503 754 1568 quem
804 1483 1057 1549 solebat
1105 1484 1387 1568 recipere
1435 1485 1516 1549 de
1563 1482 1906 1550 Willelmo
1953 1485 2034 1549 de
2083 1485 2408 1568 Moubray
2447 1505 2568 1570 pro

278 1570 442 1635 villa
470 1571 550 1635 de
590 1570 1050 1653 Reythisdale:
1098 1571 1595 1636 Concessionem
1625 1572 1840 1649 etiam,
1873 1571 2315 1636 remissionem
2345 1571 2568 1647 etiam,

278 1659 572 1742 quiet-am
630 1658 1055 1722 clamanciam
1112 1679 1275 1742 quas
1334 1659 1659 1724 Robertus
1719 1660 1800 1724 de
1859 1656 2370 1724 Scutterskelfe²

280 1746 439 1810 fecit
464 1744 667 1809 Deo·
715 1794 731 1808 .
777 1744 923 1809 .de
952 1752 1095 1809 tota
1126 1753 1313 1823 terra,
1358 1766 1509 1810 cum
1552 1746 1992 1829 pertinenciiS,
2035 1746 2108 1810 in
2151 1748 2362 1811 Parva
2391 1745 2566 1830 Rey-

280 1831 546 1910 disdale,
577 1852 774 1916 quam
803 1832 887 1896 ab
916 1833 1009 1897 eis
1040 1833 1339 1916 exigebat
1367 1853 1485 1916 per
1514 1834 1708 1898 breve
1751 1833 1834 1898 de
1862 1840 2054 1910 rect0,
2085 1854 2234 1898 cum
2263 1832 2566 1933 homagio

279 1927 348 1984 et
406 1918 711 1984 servicio:
774 1919 1271 1984 concessionem
1321 1920 1607 2004 insuper,
1653 1920 2100 1985 remissionem
2151 1927 2219 1985 et
2270 1921 2560 2005 quietam

276 2006 701 2072 clamanciam
746 2013 813 2070 et
856 2007 1409 2071 confirmationem
1452 2028 1615 2091 quas
1659 2007 1976 2072 Ricardus
2018 2007 2437 2072 Wassande.
2485 2057 2499 2072 .
2547 2054 2561 2071 .

280 2093 437 2158 fecit
464 2093 715 2157 Abbati
744 2100 812 2157 et
840 2093 1173 2158 monachis
1217 2094 1546 2178 praedictis
1592 2095 1672 2158 de
1701 2101 1838 2160 toto
1877 2095 2026 2178 jure
2055 2101 2122 2158 et
2153 2092 2386 2159 clamio
2417 2113 2566 2178 quae

279 2180 515 2244 habuit
542 2181 648 2244 vel
678 2180 913 2244 habere
942 2182 1160 2263 potuit
1193 2181 1264 2243 in
1294 2187 1433 2244 tota
1462 2185 1653 2258 terra,
1682 2183 1875 2246 bosco
1906 2187 1973 2246 et
1999 2201 2183 2245 mora
2211 2182 2292 2246 de
2323 2181 2567 2245 Kirke-

282 2268 515 2332 slectes
554 2267 627 2330 in
657 2267 830 2331 valle
872 2267 953 2331 de
994 2267 1379 2344 Bildesdale‚
1411 2289 1562 2332 cum
1607 2269 1908 2332 omnibus
1938 2268 2357 2352 pertinenciis
2387 2269 2564 2332 suis:

277 2354 721 2419 Donationem
765 2403 780 2418 .
828 2403 842 2418 .
888 2403 903 2417 .
951 2375 1112 2437 quas
1160 2354 1423 2418 Osanna
1473 2354 1556 2418 de
1604 2355 2004 2419 Thametona
2047 2403 2062 2418 .
2109 2405 2122 2418 .
2175 2404 2190 2419 .
2236 2355 2392 2419 fecit
2420 2354 2564 2419 Deo

341 2491 359 2508 .
404 2490 419 2506 .
468 2440 548 2505 de
578 2447 718 2504 tota
746 2447 917 2504 terra
945 2461 1064 2505 sua
1092 2441 1174 2506 (16
1202 2442 1543 2519 Huhirste,
1573 2462 1723 2506 cum
1766 2441 1959 2506 bosco
1989 2447 2057 2506 et
2085 2441 2386 2506 omnibus
2417 2441 2564 2506 aliis

278 2528 703 2613 pertinenciis
732 2528 887 2604 suis,
916 2535 983 2594 et
1026 2529 1107 2594 de
1152 2535 1289 2593 toto
1334 2534 1519 2612 prato
1565 2549 1700 2605 suc,
1730 2549 1882 2593 cum
1925 2528 2359 2613 pertinenciis,
2389 2527 2564 2612 quod

278 2621 550 2681 vocatur
578 2614 1135 2699 Staindalhenges,
1165 2621 1229 2679 et
1284 2615 1365 2680 de
1412 2615 1724 2700 capiendo
1777 2616 1857 2680 de
1911 2616 2104 2680 bosco
2140 2636 2256 2680 suo
2288 2615 2369 2680 de
2399 2615 2566 2699 Rey-

278 2702 591 2780 thesdale,
620 2702 736 2765 ubi
762 2701 963 2766 iidem
991 2702 1292 2766 monachi
1337 2703 1542 2786 magis
1573 2702 1699 2766 sibi
1726 2702 2013 2767 viderint
2041 2702 2359 2787 expedire,
2390 2702 2566 2786 quic·

276 2789 441 2874 quid
482 2809 743 2853 necesse
793 2789 994 2853 fuerit
1040 2789 1121 2853 ad
1158 2795 1419 2872 pratum
1465 2789 1634 2853 illud
1682 2788 2131 2866 claudendum,
2183 2809 2298 2873 per
2348 2789 2566 2852 visum

276 2875 596 2941 forestarii
623 2876 831 2958 ipsius
864 2875 1141 2940 Osannae
1171 2881 1237 2940 et
1265 2875 1598 2940 haeredum
1627 2897 1907 2952 suorum,
1937 2883 2004 2940 et
2033 2877 2114 2940 (16
2142 2883 2280 2940 toto
2308 2875 2566 2940 redditu

279 2984 399 3029 suo
416 2963 687 3047 triginta
704 2961 1055 3028 solidorum
1076 2963 1155 3027 de
1178 2963 1457 3046 Faiceby
1477 2984 1627 3027 cum
1650 2963 1982 3048 homagiis,
2004 2962 2281 3040 releviis,
2310 2963 2562 3038 wardis,

276 3051 549 3116 escaetis
579 3056 646 3114 et
676 3050 974 3113 omnibus
1004 3049 1153 3114 61116
1182 3050 1598 3133 pertinenciis
1629 3051 1782 3126 suis,
1813 3070 2024 3134 quem,
2054 3050 2210 3127 sciL,
2236 3049 2567 3114 redditum

278 3138 507 3203 Simon
537 3137 803 3220 Ingram
831 3136 913 3200 de
942 3137 1223 3220 Faiceby
1240 3137 1367 3201 sibi
1396 3136 1622 3201 debuit
1653 3137 1992 3201 annuatim
2021 3158 2138 3222 pro
2169 3157 2284 3201 sex
2311 3137 2566 3200 bovatis

280 3233 473 3290 terrae
529 3223 604 3288 in
648 3222 875 3288 eadem
916 3223 1118 3288 villa:
1167 3224 1702 3307 Recognit-ionem
1743 3225 2027 3306 insuper,
2086 3225 2376 3309 quietam
2435 3223 2567 3288 cla-

280 3311 605 3376 manciam
635 3317 703 3375 et
731 3311 1283 3376 confirmationem
1313 3331 1475 3395 quas
1513 3311 1738 3375 Simon
1769 3311 1850 3376 de
1879 3311 2012 3376 Ver
2053 3359 2068 3376 .
2116 3361 2129 3375 .
2175 3360 2192 3378 .
2239 3311 2392 3376 fecit
2422 3310 2568 3375 Deo

280 3449 296 3462 .
342 3445 359 3464 .
406 3447 422 3463 .
470 3397 552 3463 de
590 3405 731 3462 tota
776 3418 957 3462 mora
1008 3398 1089 3462 de
1137 3396 1521 3474 Bildesdale‚
1574 3419 1721 3461 cum
1775 3398 2210 3482 pertinenciis,
2258 3418 2340 3461 ex
2385 3403 2607 3481 parte·

281 3484 599 3562 orientali,
644 3504 843 3567 quam
886 3485 1278 3550 clamaverat
1321 3485 1644 3568 pertinere
1686 3485 1771 3549 ad
1814 3483 2042 3548 villam
2086 3504 2272 3549 suam
2304 3485 2384 3549 de
2429 3483 2566 3548 Bil-

278 3571 581 3637 desdale:
625 3570 1097 3636 Remissionem
1121 3577 1189 3636 et
1214 3573 1718 3656 resignationem
1739 3578 1806 3636 et
1827 3571 2116 3656 quietam
2144 3571 2569 3637 clamanciam

280 3679 445 3743 quas
496 3659 786 3742 Rogerus
837 3659 902 3723 16
950 3659 1213 3744 Engleis
1266 3666 1333 3724 et
1390 3659 1624 3740 Alicia,
1678 3678 1842 3722 uxor
1892 3659 2108 3742 ejus„
2217 3657 2573 3723 ‚fecerunt

281 3745 619 3811 monachis
636 3745 965 3829 praedictis
995 3745 1077 3810 de
1105 3753 1245 3810 tota
1273 3747 1469 3811 tertia
1496 3756 1681 3830 parte
1710 3745 1790 3810 de
1820 3744 2106 3810 Huhirst
2133 3752 2201 3810 et
2242 3744 2322 3811 de
2354 3744 2572 3810 Stain-

280 3832 653 3918 dalhenges,
713 3837 777 3896 et
839 3833 919 3896 de
978 3833 1181 3897 libere
1240 3833 1554 3917 capiendo
1612 3832 1692 3897 de
1760 3833 1953 3897 bosco
2011 3832 2092 3897 de
2151 3831 2572 3897 Reithesdale

280 3919 502 3986 omnia
548 3920 907 3984 necessaria
957 3919 1039 3984 ad
1088 3919 1521 3985 claudendum
1573 3919 1950 4004 praedictam
1999 3920 2262 3985 tertiam
2319 3925 2572 4003 partem

280 4007 457 4092 prati
501 4005 584 4071 (16
642 4005 1217 4092 Stanidalhenges:
1278 4007 1718 4072 Donationem
1777 4007 1992 4082 etiam,
2036 4057 2051 4070 .
2160 4027 2384 4090 ,quas
2442 4005 2570 4068 Ro-

352 4205 373 4237 ²
406 4203 735 4256 Ashasbeen
752 4204 1364 4271 previouslyremarked,
1488 4222 1636 4256 601116
1657 4205 1772 4256 hali
1793 4205 1959 4256 dozen
1994 4221 2054 4256 or
2086 4221 2147 4257 60
2170 4204 2227 4256 οἱ
2258 4204 2354 4255 the
2376 4203 2580 4254 enti-ies

284 4287 360 4321 no
392 4270 620 4336 original
792 4275 845 4321 ts
882 4271 940 4321 of
986 4271 1079 4321 the
1122 4271 1277 4322 landa
1310 4273 1369 4322 in
1488 4271 1665 4322 which
1704 4271 1886 4322 follow
1922 4271 1978 4321 in
2017 4286 2162 4331 near,
2207 4269 2311 4321 but.
2347 4275 2443 4320 not
2481 4285 2576 4318 un-

284 4336 371 4388 Ra
409 4335 578 4397 uda-le,
626 4351 676 4386 w
715 4337 804 4386 ich
856 4335 1118 4402 belonged
1173 4341 1231 4387 to
1274 4337 1371 4387 the
1488 4335 1712 4397 broken,
1749 4336 2067 4399 succession,
2095 4309 2209 4386 w'ill
2241 4334 2310 4386 be
2331 4335 2502 4386 found
2522 4334 2582 4385 of

284 4401 377 4452 Ab
445 4417 501 4480 y,
518 4405 734 4452 66611160
751 4401 887 4452 have
904 4401 1039 4452 been
1055 4401 1369 4478 preserved3
1489 4402 1733 4453 interest.

286 4465 397 4518 and
441 4483 501 4518 m
542 4466 657 4518 this
700 4467 1013 4518 connection
1056 4467 1185 4530 this,
1233 4467 1370 4518 with
1556 4465 1852 4518 'written
1872 4466 2030 4518 Scum
2031 4465 2187 4530 ’sl-clf.
