3075 5009
1181 496 1536 550 uranum.
2385 478 2513 545 377

214 653 446 737 gesimo
499 652 713 735 prime.
831 654 918 716 Et
970 653 1049 718 de
1102 654 1224 717 isto
1289 653 1502 717 debito
1556 653 1848 717 eonfeetoe
1900 658 2049 714 sunt
2101 651 2239 714 duae
2292 649 2517 713 litterae

217 736 612 818 obligatorias,
643 755 903 817 quarum
941 755 1070 799 una
1108 734 1339 799 residet
1362 736 1528 818 apud
1557 735 1937 811 Cistercium‚
1966 754 2092 795 una
2120 730 2285 815 apud
2315 731 2516 794 Clare-

216 818 460 894 vallem,
487 815 704 880 eadem
731 818 976 898 penitus
993 819 1182 881 verba
1208 817 1631 895 continentes3
1668 817 1735 879 in
1759 836 2021 897 quarum
2041 814 2227 877 etiam
2256 819 2515 895 utraque

217 916 504 981 expresse
558 897 906 961 continetur
959 899 1147 981 quod,
1195 898 1341 962 licet
1392 898 1472 962 de
1526 898 1781 981 praefato
1834 886 2047 959 debito
2098 894 2239 957 duae
2289 894 2515 957 litterae

217 980 642 1056 conficiuntur,
688 981 1116 1043 tantummodo
1134 981 1157 1022 ¹
1205 978 1499 1062 praedicta
1552 1000 1792 1047 summa
1846 978 2167 1041 duodecim
2218 975 2517 1039 librarum

215 1084 264 1124 x
289 1061 627 1125 solidorum
652 1062 971 1125 annuatim
999 1060 1384 1143 persolvitur.

303 1232 402 1293 32.
459 1244 782 1293 CLXXVIII.
828 1229 1152 1293 Universis
1168 1229 1196 1270 ²
1234 1235 1567 1310 praesentes
1605 1228 1847 1291 litteras
1886 1226 1983 1290 ins
2096 1224 2269 1302 turis,
2297 1224 2516 1291 Frater

215 1310 503 1387 Thomas,
534 1311 734 1374 dictus
758 1311 972 1374 Abbas
998 1312 1079 1375 de
1105 1310 1418 1392 Ryevalle,
1442 1318 1508 1373 et
1534 1308 1813 1391 ejusdem
1838 1308 1957 1372 1001
2030 1314 2334 1371 011νο111118
2372 1352 2391 1373 .
2432 1352 2455 1373 .
2500 1350 2519 1373 .

215 1392 537 1455 Noveritis
565 1392 730 1474 quod
755 1414 884 1467 1108,
915 1392 1227 1474 religionis
1255 1393 1385 1456 zelo
1418 1401 1485 1456 et
1516 1392 1765 1454 Ordinis
1806 1389 2084 1472 instigati
2113 1396 2302 1469 atque
2326 1386 2515 1466 ducti,

213 1480 284 1537 et
310 1472 389 1535 ad
417 1474 562 1551 haec,
585 1474 858 1536 omnium
883 1482 1165 1537 nostrum
1189 1474 1462 1537 utilitate
1481 1472 1807 1549 communi,
1830 1480 1966 1534 tum
1991 1470 2314 1553 temporali
2376 1490 2519 1532 uam

214 1554 539 1635 spirituali,
581 1554 748 1617 unde
785 1555 1025 1636 liquida
1063 1562 1127 1618 et
1166 1562 1379 1636 aperta
1392 1565 1417 1602 ⁸
1455 1574 1570 1617 nos
1608 1560 1913 1631 movente,
1958 1573 2071 1635 pro
2123 1552 2293 1616 mille
2373 1552 2521 1615 ’bris

372 1656 550 1699 orum
574 1636 1006 1719 sterlingorum
1025 1636 1506 1699 Turronensium
1521 1658 1560 1698 a
1579 1636 1756 1701 nobis
1776 1634 2157 1717 integraliter
2176 1634 2437 1716 receptis
2456 1640 2522 1696 01

213 1655 449 1780 ffltis
475 1718 542 1779 in
649 1719 830 1781 cunia
857 1719 1020 1781 bona
1047 1725 1112 1781 et
1137 1717 1335 1799 legali,
1366 1718 1522 1781 bene
1549 1718 1737 1781 etiam
1761 1724 2098 1793 numerata,
2126 1715 2519 1779 vendidimus

219 1798 508 1879 Capitulo
643 1799 836 1863 nerali
872 1800 1070 1863 nostri
1111 1799 1360 1863 Ordinis
1401 1799 1820 1863 Cisterciensis
1845 1798 2293 1880 quinquaginta.
2329 1796 2519 1860 libras

213 1880 497 1961 ejusdem
555 1888 1228 1977 monetes—parvorum
1279 1880 1405 1944 scil.
1463 1881 1898 1963 sterlingorum
1956 1876 2520 1942 Turronensium—

217 1961 398 2024 annis
437 1962 532 2023 8111
643 1962 660 1977 ’
720 1983 757 2023 a
781 1963 959 2025 nobis
1001 1969 1066 2026 et
1099 1963 1447 2046 Abbatibus
1473 1962 1583 2043 qui
1621 1963 1797 2026 nobis
1837 1960 2167 2025 succedent
2204 1962 2271 2022 in
2312 1978 2521 2041 perpe-

217 2050 401 2105 tuum
561 2042 748 2105 endas
763 2064 873 2106 8011
889 2039 1229 2121 solvendas,
1250 2044 1498 2107 nomine
1513 2043 1647 2107 veri
1666 2064 1736 2107 ac
1755 2042 2037 2126 perpetui
2055 2041 2335 2106 redditus
2351 2041 2520 2104 dicto

219 2124 524 2205 Capitulo,
571 2131 844 2207 tempore
893 2124 1083 2206 ipsius
1135 2126 1408 2207 Capituli
1460 2124 1796 2202 Generalis,
1846 2144 1998 2205 quas
2052 2124 2303 2206 quidem
2348 2122 2518 2186 mille

215 2204 406 2269 libras
433 2206 848 2269 Turronenses
875 2227 914 2268 a
939 2206 1105 2270 dicto
1133 2207 1419 2303 Capitulo
1447 2207 1625 2269 nobis
1652 2206 2031 2287 integraliter
2069 2204 2411 2287 persolutas
2450 2204 2519 2267 in

217 2307 368 2349 usus
415 2294 480 2350 et
521 2288 856 2351 utilitatem
899 2288 1264 2351 Monasterii
1309 2290 1522 2365 nostri,
1566 2309 1691 2352 non
1730 2288 1961 2369 absque
2002 2286 2405 2350 discretorum
2447 2306 2519 2350 80

213 2367 520 2431 bonorum
547 2369 819 2447 concilio,
859 2367 1150 2432 duximus
1188 2369 1675 2445 committendas,
1751 2370 2139 2432 remittentes
2176 2368 2340 2431 bona
2375 2366 2517 2447 fide,

216 2458 301 2525 et,
333 2449 411 2512 ad
440 2448 585 2527 haec,
615 2471 728 2513 nos
754 2458 821 2515 et
858 2458 1071 2514 nostra
1095 2451 1346 2514 mobilia
1370 2458 1436 2514 et
1459 2390 1812 2526 immobilia,
1843 2450 2168 2531 praesentia
2194 2456 2260 2513 et
2284 2450 2513 2527 futura,

217 2540 287 2594 01
311 2532 558 2594 illorum
586 2534 691 2613 qui
718 2531 894 2595 nobis
919 2531 1246 2596 suecedent
1271 2552 1555 2613 processu
1582 2532 1874 2613 temporis
1901 2531 2130 2613 pariter
2156 2530 2513 2611 obligantes,

217 2612 542 2692 praedictas
607 2613 1057 2695 quinquaginta
1121 2614 1310 2677 libras
1383 2614 1803 2677 Tzur-onenses
1869 2613 2161 2693 praedicto
2226 2611 2517 2708 Capitulo

217 2702 500 2775 tempore
540 2714 664 2776 quo
704 2695 872 2758 dicto
892 2696 920 2736 ⁴
957 2695 1278 2757 annuatim
1305 2694 1687 2759 reddituros:
1728 2694 2005 2757 volentes
2045 2694 2232 2757 etiam
2266 2692 2519 2756 111011110-

217 2775 424 2837 minus
465 2782 530 2839 et
567 2777 756 2838 etiam
797 2776 1242 2840 consentientes
1282 2782 1370 2853 ut,
1401 2778 1454 2839 si
1492 2778 1561 2839 in
1600 2776 1925 2859 111-1011118818
1952 2783 2017 2838 01
2042 2776 2355 2856 promissis
2380 2794 2511 2851 1108,

219 2855 321 2917 vel
349 2856 488 2919 illos
528 2858 635 2937 qui
663 2859 839 2921 nobis
867 2858 1208 2934 succedent,
1237 2858 1494 2921 deficere
1521 2858 1862 2939 contigerit,
1893 2857 2095 2938 ipsum
2122 2856 2515 2938 saepedictum

219 2936 579 3017 Capitulum
604 2959 716 3001 nos
743 2938 843 3001 vel
869 2939 1048 3020 ipsos,
1080 2960 1192 3021 per
1223 2958 1540 3002 censuram
1570 2939 1821 3002 Ordinis
1847 2958 1919 3002 ac
1944 2939 2225 3020 rigorem,
2256 2937 2515 3017 compel-

217 3018 328 3094 lat,
381 3020 434 3081 si
488 3020 656 3097 velit,
715 3028 780 3082 et
833 3019 1023 3083 libere
1077 3021 1274 3101 possit
1327 3019 1689 3101 compellere
1724 3020 1825 3083 'ad
1889 3019 2240 3101 supradicta
2306 3018 2515 3081 omnia

219 3101 616 3163 observanda.
704 3101 967 3183 Incipiet
1008 3110 1217 3164 autem
1301 3102 1492 3164 rimus
1533 3102 1835 3165 terminus
1876 3100 2197 3164 solutionis
2237 3099 2515 3182 praedict-

217 3201 396 3243 arum
422 3183 868 3263 quinquaginta
894 3183 1189 3246 librarum
1311 3184 1691 3246 rronensium
1717 3184 1795 3246 A„
1822 3184 1899 3248 D.
1930 3183 2253 3246 millesimo
2292 3182 2515 3245 ducen-

215 3262 439 3325 tesimo
479 3264 872 3344 nonogesimo
912 3264 1196 3341 secundo,
1228 3271 1504 3361 tempore
1545 3265 1635 3328 Ca
1676 3264 1815 3327 ituli
1856 3264 2173 3328 Generalis
2216 3262 2508 3345 praedicti,

220 3351 288 3405 et
328 3344 414 3406 sic
454 3345 520 3405 in
561 3352 926 3426 perpetuum
953 3345 1209 3426 singulis
1237 3366 1412 3409 anms
1441 3286 2029 3489 [116Βῑέἑ1000881110.
2112 3345 2191 3407 111
2218 3345 2395 3425 cujus
2422 3344 2514 3407 rei

217 3426 620 3488 testimonum
675 3435 740 3489 et
791 3426 1296 3523 munimen[tum]
1350 3447 1480 3505 nos,
1523 3427 1628 3490 Ab
1790 3426 2192 3509 supradictus,
2244 3426 2513 3507 sigillum

217 3513 502 3569 nostrum
561 3527 687 3588 quo
747 3508 1150 3571 communiter
1202 3517 1436 3571 utunur
1488 3508 1891 3590 praesentibus
1944 3507 2168 3572 litteris
2220 3507 2512 3569 duximus

217 3606 300 3667 ap
383 3587 670 3651 nendum.
741 3588 875 3651 Nos
943 3608 1107 3666 vero,
1165 3590 1366 3652 dictus
1420 3590 1794 3665 Conventus,
1852 3590 1999 3670 quia
2064 3588 2333 3671 sigillum
2384 3608 2513 3650 non

217 3668 304 3731 ha
381 3690 532 3746 mus,
556 3669 756 3751 sigillo
776 3670 1038 3733 Abbatis
1059 3672 1253 3734 nostri
1274 3692 1346 3733 su
1387 3671 1623 3748 radicti,
1648 3677 1947 3752 quantum
1969 3670 2047 3733 ad
2068 3672 2215 3747 haec,
2240 3668 2515 3733 contenti

217 3770 444 3813 sumus.
532 3750 618 3812 Et
644 3752 788 3813 licet
815 3750 893 3814 de
920 3751 1210 3834 praedicto
1237 3752 1348 3815 red
1395 3754 1486 3815 ‘tu
1513 3772 1717 3815 annuo
1746 3752 2191 3834 quinquaginta
2216 3751 2512 3815 librarum

216 3830 699 3894 Turronensium
725 3832 864 3894 (11180
904 3842 1048 3896 811111
1089 3834 1382 3897 confectae
1405 3833 1632 3896 litterae
1661 3833 2053 3915 obligatorias,
2086 3853 2345 3915 quarum
2385 3852 2512 3895 una

217 3912 450 3974 residet
516 3914 679 3993 apud
737 3914 1099 3977 Cistercium
1154 3923 1220 3978 et
1271 3936 1396 3977 una
1449 3915 1613 3996 apud
1662 3914 2079 3992 clarevallem,
2136 3922 2347 3978 tamen
2400 3934 2512 3995 per

217 3994 464 4056 easdem
503 3993 744 4057 litteras
782 4016 908 4057 non
948 3996 1178 4076 poterit
1217 4017 1330 4059 nec
1373 3997 1560 4060 debet
1605 3996 1932 4078 aliquando
1979 3996 2143 4077 exigi
2190 3995 2511 4059 annuatim

216 4074 340 4136 nisi
358 4095 516 4138 unus
536 4074 814 4139 redditus
840 4076 1136 4139 librarum
1157 4078 1638 4141 Turronensium
1665 4098 1776 4159 per
1802 4078 2022 4154 omnia,
2046 4078 2205 4140 sicut
2231 4076 2511 4158 superius

214 4164 315 4219 est
341 4158 946 4238 expressum—Dat.
976 4158 1052 4221 A.
1075 4159 1152 4221 D.
1184 4159 1500 4237 M.cc.xci.,
1532 4180 1741 4223 mense
1768 4158 2165 4240 Septembris.

283 4308 306 4343 ¹
323 4310 682 4391 ‘Tmtmnogm
1415 4315 1624 4413 copied.
2316 4379 2327 4391 ·

323 4376 584 4429 ·ertten
603 4394 662 4429 111
682 4394 716 4430 a
729 4394 862 4445 very
877 4379 1032 4432 small
1047 4380 1156 4431 and
1173 4382 1302 4433 neat
1536 4380 1595 4433 It
1628 4380 1817 4433 stands
1854 4382 1981 4433 thus
2014 4382 2073 4433 in
2110 4380 2205 4432 the
2250 4378 2497 4446 original,

217 4440 384 4493 hand.
515 4481 525 4490 .
1417 4445 1526 4497 aud
1548 4447 1596 4497 it
1616 4462 1787 4499 seems
1808 4446 1987 4499 better
2019 4450 2079 4499 to
2097 4446 2251 4498 leave
2282 4446 2331 4497 it
2361 4460 2423 4497 as
2454 4444 2505 4495 it

339 4506 472 4559 This
517 4507 565 4559 is
619 4508 885 4575 eorrectly
933 4509 1043 4562 and
1083 4510 1300 4578 exactly
1417 4510 1622 4563 stands.
