<?xml version="1.0" encoding="UTF-8"?>
<!DOCTYPE html PUBLIC "-//W3C//DTD XHTML 1.0 Transitional//EN"
    "http://www.w3.org/TR/xhtml1/DTD/xhtml1-transitional.dtd">
<html xmlns="http://www.w3.org/1999/xhtml" xml:lang="en" lang="en">
 <head>
  <title>
</title>
<meta http-equiv="Content-Type" content="text/html;charset=utf-8" />
  <meta name='ocr-system' content='tesseract 3.04.00' />
  <meta name='ocr-capabilities' content='ocr_page ocr_carea ocr_par ocr_line ocrx_word'/>
</head>
<body>
  <div class='ocr_page' id='page_1' title='image "./cartulariumabba00atkigoog_0447.png"; bbox 0 0 3075 5009; ppageno 0'>
   <div class='ocr_carea' id='block_1_1' title="bbox 587 521 2205 582">
    <p class='ocr_par' dir='ltr' id='par_1_1' title="bbox 587 521 2205 582">
     <span class='ocr_line' id='line_1_1' title="bbox 587 521 2205 582; baseline 0.001 -2"><span class='ocrx_word' id='word_1_1' title='bbox 587 521 712 581; x_wconf 83' lang='lat'>324</span> <span class='ocrx_word' id='word_1_2' title='bbox 1237 531 1715 582; x_wconf 75' lang='lat' dir='ltr'>GARTULARIUM</span> <span class='ocrx_word' id='word_1_3' title='bbox 1744 530 2205 581; x_wconf 69' lang='lat' dir='ltr'>mvfflnsss.</span> 
     </span>
    </p>
   </div>
   <div class='ocr_carea' id='block_1_2' title="bbox 586 688 2889 3731">
    <p class='ocr_par' dir='ltr' id='par_1_2' title="bbox 586 688 2889 3731">
     <span class='ocr_line' id='line_1_2' title="bbox 588 688 2889 775; baseline 0 -20"><span class='ocrx_word' id='word_1_4' title='bbox 588 688 892 755; x_wconf 89' lang='lat' dir='ltr'>dominiis</span> <span class='ocrx_word' id='word_1_5' title='bbox 921 689 1360 774; x_wconf 88' lang='lat' dir='ltr'>adjacentium</span> <span class='ocrx_word' id='word_1_6' title='bbox 1401 690 1473 754; x_wconf 92' lang='lat' dir='ltr'>in</span> <span class='ocrx_word' id='word_1_7' title='bbox 1503 690 1681 756; x_wconf 85' lang='lat' dir='ltr'>Com.</span> <span class='ocrx_word' id='word_1_8' title='bbox 1704 690 1912 766; x_wconf 67' lang='lat' dir='ltr'>Ebot„</span> <span class='ocrx_word' id='word_1_9' title='bbox 1942 709 2091 754; x_wconf 89' lang='lat' dir='ltr'>cum</span> <span class='ocrx_word' id='word_1_10' title='bbox 2135 690 2274 755; x_wconf 89' lang='lat' dir='ltr'>suis</span> <span class='ocrx_word' id='word_1_11' title='bbox 2316 689 2758 775; x_wconf 86' lang='lat' dir='ltr'>pertinentiis,</span> <span class='ocrx_word' id='word_1_12' title='bbox 2794 690 2889 755; x_wconf 90' lang='lat' dir='ltr'>ad</span> 
     </span>
     <span class='ocr_line' id='line_1_3' title="bbox 588 776 2889 861; baseline 0 -21"><span class='ocrx_word' id='word_1_13' title='bbox 588 776 660 841; x_wconf 82' lang='lat' dir='ltr'>xl</span> <span class='ocrx_word' id='word_1_14' title='bbox 677 798 726 841; x_wconf 78' lang='grc' dir='ltr'>ι.</span> <span class='ocrx_word' id='word_1_15' title='bbox 758 798 874 861; x_wconf 86' lang='lat' dir='ltr'>per</span> <span class='ocrx_word' id='word_1_16' title='bbox 901 797 1168 855; x_wconf 87' lang='lat' dir='ltr'>annum,</span> <span class='ocrx_word' id='word_1_17' title='bbox 1196 777 1595 842; x_wconf 90' lang='lat' dir='ltr'>Habendum</span> <span class='ocrx_word' id='word_1_18' title='bbox 1622 781 1691 842; x_wconf 92' lang='lat' dir='ltr'>et</span> <span class='ocrx_word' id='word_1_19' title='bbox 1718 776 2075 842; x_wconf 89' lang='lat' dir='ltr'>tenendum</span> <span class='ocrx_word' id='word_1_20' title='bbox 2103 776 2547 841; x_wconf 88' lang='lat' dir='ltr'>omnimodum</span> <span class='ocrx_word' id='word_1_21' title='bbox 2576 777 2889 843; x_wconf 87' lang='lat' dir='ltr'>officium</span> 
     </span>
     <span class='ocr_line' id='line_1_4' title="bbox 588 863 2887 949; baseline 0.001 -22"><span class='ocrx_word' id='word_1_22' title='bbox 588 863 873 949; x_wconf 86' lang='lat' dir='ltr'>praefatis</span> <span class='ocrx_word' id='word_1_23' title='bbox 931 863 1218 929; x_wconf 87' lang='lat' dir='ltr'>Henrico</span> <span class='ocrx_word' id='word_1_24' title='bbox 1276 871 1344 929; x_wconf 90' lang='lat' dir='ltr'>et</span> <span class='ocrx_word' id='word_1_25' title='bbox 1401 863 1676 929; x_wconf 88' lang='lat' dir='ltr'>Ricardo</span> <span class='ocrx_word' id='word_1_26' title='bbox 1735 863 2095 929; x_wconf 84' lang='lat' dir='ltr'>successive</span> <span class='ocrx_word' id='word_1_27' title='bbox 2152 863 2238 929; x_wconf 79' lang='lat' dir='ltr'>ad</span> <span class='ocrx_word' id='word_1_28' title='bbox 2292 865 2653 930; x_wconf 86' lang='lat' dir='ltr'>terminum</span> <span class='ocrx_word' id='word_1_29' title='bbox 2712 864 2887 929; x_wconf 81' lang='lat' dir='ltr'>vitae</span> 
     </span>
     <span class='ocr_line' id='line_1_5' title="bbox 589 950 2887 1035; baseline 0 -19"><span class='ocrx_word' id='word_1_30' title='bbox 589 970 830 1028; x_wconf 87' lang='lat' dir='ltr'>eorum,</span> <span class='ocrx_word' id='word_1_31' title='bbox 873 971 989 1016; x_wconf 89' lang='lat' dir='ltr'>seu</span> <span class='ocrx_word' id='word_1_32' title='bbox 1031 950 1299 1016; x_wconf 83' lang='lat' dir='ltr'>alterius</span> <span class='ocrx_word' id='word_1_33' title='bbox 1342 951 1590 1016; x_wconf 89' lang='lat' dir='ltr'>diutius</span> <span class='ocrx_word' id='word_1_34' title='bbox 1634 950 1935 1016; x_wconf 82' lang='lat' dir='ltr'>viventis.</span> <span class='ocrx_word' id='word_1_35' title='bbox 2040 950 2129 1015; x_wconf 89' lang='lat' dir='ltr'>Et</span> <span class='ocrx_word' id='word_1_36' title='bbox 2172 951 2483 1035; x_wconf 76' lang='lat' dir='ltr'>praefatus</span> <span class='ocrx_word' id='word_1_37' title='bbox 2536 951 2887 1017; x_wconf 79' lang='lat' dir='ltr'>Hem-icus</span> 
     </span>
     <span class='ocr_line' id='line_1_6' title="bbox 588 1036 2885 1122; baseline 0.001 -21"><span class='ocrx_word' id='word_1_38' title='bbox 588 1038 900 1122; x_wconf 88' lang='lat' dir='ltr'>percipiet</span> <span class='ocrx_word' id='word_1_39' title='bbox 928 1045 996 1103; x_wconf 90' lang='lat' dir='ltr'>et</span> <span class='ocrx_word' id='word_1_40' title='bbox 1022 1038 1289 1103; x_wconf 89' lang='lat' dir='ltr'>habebit</span> <span class='ocrx_word' id='word_1_41' title='bbox 1317 1038 1657 1103; x_wconf 78' lang='lat' dir='ltr'><strong>annuatim</strong></span> <span class='ocrx_word' id='word_1_42' title='bbox 1685 1036 1766 1103; x_wconf 90' lang='lat' dir='ltr'>de</span> <span class='ocrx_word' id='word_1_43' title='bbox 1794 1037 2103 1122; x_wconf 82' lang='lat' dir='ltr'>praedicto</span> <span class='ocrx_word' id='word_1_44' title='bbox 2131 1037 2391 1103; x_wconf 86' lang='lat' dir='ltr'>Abbate</span> <span class='ocrx_word' id='word_1_45' title='bbox 2421 1044 2489 1102; x_wconf 90' lang='lat' dir='ltr'>et</span> <span class='ocrx_word' id='word_1_46' title='bbox 2517 1038 2885 1103; x_wconf 76' lang='lat' dir='ltr'>Conventa</span> 
     </span>
     <span class='ocr_line' id='line_1_7' title="bbox 589 1124 2885 1209; baseline 0.001 -20"><span class='ocrx_word' id='word_1_47' title='bbox 589 1132 655 1189; x_wconf 87' lang='lat' dir='ltr'>et</span> <span class='ocrx_word' id='word_1_48' title='bbox 684 1125 1157 1190; x_wconf 86' lang='lat' dir='ltr'>successoribus</span> <span class='ocrx_word' id='word_1_49' title='bbox 1200 1125 1336 1190; x_wconf 86' lang='lat' dir='ltr'>suis</span> <span class='ocrx_word' id='word_1_50' title='bbox 1378 1126 1449 1188; x_wconf 87' lang='lat' dir='ltr'>iv</span> <span class='ocrx_word' id='word_1_51' title='bbox 1478 1125 1804 1209; x_wconf 87' lang='lat' dir='ltr'>quarteria</span> <span class='ocrx_word' id='word_1_52' title='bbox 1846 1130 1916 1189; x_wconf 90' lang='lat' dir='ltr'>et</span> <span class='ocrx_word' id='word_1_53' title='bbox 1944 1124 2106 1189; x_wconf 88' lang='lat' dir='ltr'>duos</span> <span class='ocrx_word' id='word_1_54' title='bbox 2146 1125 2397 1189; x_wconf 91' lang='lat' dir='ltr'>modios</span> <span class='ocrx_word' id='word_1_55' title='bbox 2426 1125 2765 1202; x_wconf 84' lang='lat' dir='ltr'>frumenti,</span> <span class='ocrx_word' id='word_1_56' title='bbox 2798 1146 2885 1191; x_wconf 85' lang='lat' dir='ltr'>ac</span> 
     </span>
     <span class='ocr_line' id='line_1_8' title="bbox 589 1211 2882 1297; baseline 0 -21"><span class='ocrx_word' id='word_1_57' title='bbox 589 1211 720 1276; x_wconf 92' lang='lat' dir='ltr'>duo</span> <span class='ocrx_word' id='word_1_58' title='bbox 771 1212 1098 1295; x_wconf 87' lang='lat' dir='ltr'>quarteria</span> <span class='ocrx_word' id='word_1_59' title='bbox 1155 1221 1222 1277; x_wconf 88' lang='lat' dir='ltr'>et</span> <span class='ocrx_word' id='word_1_60' title='bbox 1280 1212 1627 1276; x_wconf 89' lang='lat' dir='ltr'>dimidium</span> <span class='ocrx_word' id='word_1_61' title='bbox 1672 1211 1970 1297; x_wconf 84' lang='lat' dir='ltr'>siliginis,</span> <span class='ocrx_word' id='word_1_62' title='bbox 2030 1231 2285 1277; x_wconf 81' lang='lat' dir='ltr'>necnon</span> <span class='ocrx_word' id='word_1_63' title='bbox 2339 1212 2565 1277; x_wconf 90' lang='lat' dir='ltr'>decem</span> <span class='ocrx_word' id='word_1_64' title='bbox 2620 1212 2882 1277; x_wconf 86' lang='lat' dir='ltr'>solidos</span> 
     </span>
     <span class='ocr_line' id='line_1_9' title="bbox 589 1298 2880 1383; baseline 0 -21"><span class='ocrx_word' id='word_1_65' title='bbox 589 1300 949 1376; x_wconf 77' lang='lat' dir='ltr'>annuatim,</span> <span class='ocrx_word' id='word_1_66' title='bbox 969 1305 1037 1364; x_wconf 85' lang='lat' dir='ltr'>et</span> <span class='ocrx_word' id='word_1_67' title='bbox 1058 1305 1190 1364; x_wconf 88' lang='lat' dir='ltr'>tres</span> <span class='ocrx_word' id='word_1_68' title='bbox 1219 1320 1400 1363; x_wconf 89' lang='lat' dir='ltr'>acras</span> <span class='ocrx_word' id='word_1_69' title='bbox 1429 1300 1619 1383; x_wconf 86' lang='lat' dir='ltr'>prati,</span> <span class='ocrx_word' id='word_1_70' title='bbox 1640 1318 1789 1363; x_wconf 90' lang='lat' dir='ltr'>cum</span> <span class='ocrx_word' id='word_1_71' title='bbox 1821 1319 1952 1363; x_wconf 90' lang='lat' dir='ltr'>uno</span> <span class='ocrx_word' id='word_1_72' title='bbox 1982 1298 2136 1382; x_wconf 90' lang='lat' dir='ltr'>pike</span> <span class='ocrx_word' id='word_1_73' title='bbox 2153 1298 2178 1337; x_wconf 83' lang='lat'>¹</span> <span class='ocrx_word' id='word_1_74' title='bbox 2206 1299 2381 1383; x_wconf 91' lang='lat' dir='ltr'>prati</span> <span class='ocrx_word' id='word_1_75' title='bbox 2397 1300 2470 1363; x_wconf 92' lang='lat' dir='ltr'>in</span> <span class='ocrx_word' id='word_1_76' title='bbox 2493 1298 2880 1376; x_wconf 87' lang='lat' dir='ltr'>Welborne‚</span> 
     </span>
     <span class='ocr_line' id='line_1_10' title="bbox 589 1384 2879 1471; baseline 0 -22"><span class='ocrx_word' id='word_1_77' title='bbox 589 1406 703 1471; x_wconf 92' lang='lat' dir='ltr'>pro</span> <span class='ocrx_word' id='word_1_78' title='bbox 733 1384 921 1450; x_wconf 85' lang='lat' dir='ltr'>feodo</span> <span class='ocrx_word' id='word_1_79' title='bbox 951 1392 1020 1451; x_wconf 89' lang='lat' dir='ltr'>et</span> <span class='ocrx_word' id='word_1_80' title='bbox 1061 1386 1388 1470; x_wconf 86' lang='lat' dir='ltr'>stipendio</span> <span class='ocrx_word' id='word_1_81' title='bbox 1431 1406 1566 1462; x_wconf 91' lang='lat' dir='ltr'>suo,</span> <span class='ocrx_word' id='word_1_82' title='bbox 1595 1390 1789 1470; x_wconf 89' lang='lat' dir='ltr'>prout</span> <span class='ocrx_word' id='word_1_83' title='bbox 1817 1385 2025 1451; x_wconf 89' lang='lat' dir='ltr'>officio</span> <span class='ocrx_word' id='word_1_84' title='bbox 2055 1385 2215 1450; x_wconf 79' lang='lat' dir='ltr'>dicti</span> <span class='ocrx_word' id='word_1_85' title='bbox 2260 1385 2478 1450; x_wconf 90' lang='lat' dir='ltr'>Officii</span> <span class='ocrx_word' id='word_1_86' title='bbox 2519 1388 2879 1450; x_wconf 88' lang='lat' dir='ltr'>annuatim</span> 
     </span>
     <span class='ocr_line' id='line_1_11' title="bbox 587 1471 2879 1557; baseline 0 -20"><span class='ocrx_word' id='word_1_87' title='bbox 587 1472 913 1557; x_wconf 81' lang='lat' dir='ltr'>percipere</span> <span class='ocrx_word' id='word_1_88' title='bbox 943 1480 1011 1537; x_wconf 90' lang='lat' dir='ltr'>et</span> <span class='ocrx_word' id='word_1_89' title='bbox 1038 1472 1273 1537; x_wconf 88' lang='lat' dir='ltr'>habere</span> <span class='ocrx_word' id='word_1_90' title='bbox 1302 1480 1686 1538; x_wconf 89' lang='lat' dir='ltr'>consuetum</span> <span class='ocrx_word' id='word_1_91' title='bbox 1714 1473 1945 1537; x_wconf 79' lang='lat' dir='ltr'>fuerat.</span> <span class='ocrx_word' id='word_1_92' title='bbox 2031 1471 2120 1536; x_wconf 90' lang='lat' dir='ltr'>Et</span> <span class='ocrx_word' id='word_1_93' title='bbox 2146 1478 2295 1556; x_wconf 89' lang='lat' dir='ltr'>post</span> <span class='ocrx_word' id='word_1_94' title='bbox 2323 1473 2660 1538; x_wconf 81' lang='lat' dir='ltr'>decessum</span> <span class='ocrx_word' id='word_1_95' title='bbox 2700 1494 2879 1557; x_wconf 80' lang='lat' dir='ltr'>prse-</span> 
     </span>
     <span class='ocr_line' id='line_1_12' title="bbox 587 1558 2879 1644; baseline 0 -21"><span class='ocrx_word' id='word_1_96' title='bbox 587 1558 750 1624; x_wconf 89' lang='lat' dir='ltr'>dicti</span> <span class='ocrx_word' id='word_1_97' title='bbox 776 1559 1048 1625; x_wconf 88' lang='lat' dir='ltr'>Henrici</span> <span class='ocrx_word' id='word_1_98' title='bbox 1077 1560 1424 1644; x_wconf 72' lang='lat' dir='ltr'>praedictus</span> <span class='ocrx_word' id='word_1_99' title='bbox 1467 1560 1783 1625; x_wconf 82' lang='lat' dir='ltr'>Ricardus</span> <span class='ocrx_word' id='word_1_100' title='bbox 1827 1558 2092 1624; x_wconf 86' lang='lat' dir='ltr'>Walker</span> <span class='ocrx_word' id='word_1_101' title='bbox 2133 1560 2445 1643; x_wconf 82' lang='lat' dir='ltr'>percipiet</span> <span class='ocrx_word' id='word_1_102' title='bbox 2488 1566 2555 1624; x_wconf 90' lang='lat' dir='ltr'>et</span> <span class='ocrx_word' id='word_1_103' title='bbox 2596 1560 2879 1625; x_wconf 90' lang='lat' dir='ltr'>habebit</span> 
     </span>
     <span class='ocr_line' id='line_1_13' title="bbox 588 1646 2877 1731; baseline 0 -21"><span class='ocrx_word' id='word_1_104' title='bbox 588 1648 944 1723; x_wconf 77' lang='lat' dir='ltr'>annuatim,</span> <span class='ocrx_word' id='word_1_105' title='bbox 974 1646 1247 1711; x_wconf 82' lang='lat' dir='ltr'>durante</span> <span class='ocrx_word' id='word_1_106' title='bbox 1289 1648 1428 1711; x_wconf 85' lang='lat' dir='ltr'>vita</span> <span class='ocrx_word' id='word_1_107' title='bbox 1469 1667 1604 1725; x_wconf 87' lang='lat' dir='ltr'>sua,</span> <span class='ocrx_word' id='word_1_108' title='bbox 1647 1646 1731 1711; x_wconf 89' lang='lat' dir='ltr'>de</span> <span class='ocrx_word' id='word_1_109' title='bbox 1771 1646 2081 1731; x_wconf 75' lang='lat' dir='ltr'>praedicto</span> <span class='ocrx_word' id='word_1_110' title='bbox 2121 1646 2380 1711; x_wconf 87' lang='lat' dir='ltr'>Abbate</span> <span class='ocrx_word' id='word_1_111' title='bbox 2423 1652 2493 1712; x_wconf 91' lang='lat' dir='ltr'>et</span> <span class='ocrx_word' id='word_1_112' title='bbox 2522 1646 2877 1712; x_wconf 75' lang='lat' dir='ltr'>Conventa</span> 
     </span>
     <span class='ocr_line' id='line_1_14' title="bbox 589 1732 2875 1818; baseline 0 -20"><span class='ocrx_word' id='word_1_113' title='bbox 589 1740 656 1798; x_wconf 88' lang='lat' dir='ltr'>et</span> <span class='ocrx_word' id='word_1_114' title='bbox 685 1733 1158 1798; x_wconf 88' lang='lat' dir='ltr'>successoribus</span> <span class='ocrx_word' id='word_1_115' title='bbox 1189 1734 1341 1812; x_wconf 88' lang='lat' dir='ltr'>suis,</span> <span class='ocrx_word' id='word_1_116' title='bbox 1371 1753 1486 1817; x_wconf 90' lang='lat' dir='ltr'>pro</span> <span class='ocrx_word' id='word_1_117' title='bbox 1531 1733 1719 1799; x_wconf 87' lang='lat' dir='ltr'>feodo</span> <span class='ocrx_word' id='word_1_118' title='bbox 1761 1740 1828 1798; x_wconf 89' lang='lat' dir='ltr'>et</span> <span class='ocrx_word' id='word_1_119' title='bbox 1871 1732 2196 1817; x_wconf 90' lang='lat' dir='ltr'>stipendio</span> <span class='ocrx_word' id='word_1_120' title='bbox 2225 1754 2361 1811; x_wconf 90' lang='lat' dir='ltr'>suo,</span> <span class='ocrx_word' id='word_1_121' title='bbox 2390 1734 2463 1797; x_wconf 93' lang='lat' dir='ltr'>in</span> <span class='ocrx_word' id='word_1_122' title='bbox 2490 1754 2875 1818; x_wconf 88' lang='lat' dir='ltr'>recompen-</span> 
     </span>
     <span class='ocr_line' id='line_1_15' title="bbox 587 1819 2875 1906; baseline -0 -21"><span class='ocrx_word' id='word_1_123' title='bbox 587 1820 903 1885; x_wconf 78' lang='lat' dir='ltr'>sationem</span> <span class='ocrx_word' id='word_1_124' title='bbox 933 1829 999 1885; x_wconf 92' lang='lat' dir='ltr'>et</span> <span class='ocrx_word' id='word_1_125' title='bbox 1027 1820 1532 1885; x_wconf 79' lang='lat' dir='ltr'>satisfactionem</span> <span class='ocrx_word' id='word_1_126' title='bbox 1561 1841 1679 1904; x_wconf 89' lang='lat' dir='ltr'>pro</span> <span class='ocrx_word' id='word_1_127' title='bbox 1701 1819 2007 1906; x_wconf 81' lang='lat' dir='ltr'>praedicto</span> <span class='ocrx_word' id='word_1_128' title='bbox 2024 1819 2233 1897; x_wconf 88' lang='lat' dir='ltr'>blado,</span> <span class='ocrx_word' id='word_1_129' title='bbox 2256 1819 2447 1885; x_wconf 90' lang='lat' dir='ltr'>modo</span> <span class='ocrx_word' id='word_1_130' title='bbox 2474 1840 2592 1905; x_wconf 91' lang='lat' dir='ltr'>per</span> <span class='ocrx_word' id='word_1_131' title='bbox 2614 1820 2875 1886; x_wconf 79' lang='lat' dir='ltr'>&lt;fictum</span> 
     </span>
     <span class='ocr_line' id='line_1_16' title="bbox 591 1906 2877 1992; baseline 0.001 -21"><span class='ocrx_word' id='word_1_132' title='bbox 591 1907 950 1972; x_wconf 90' lang='lat' dir='ltr'>Henricum</span> <span class='ocrx_word' id='word_1_133' title='bbox 993 1914 1312 1992; x_wconf 91' lang='lat' dir='ltr'>percept0,</span> <span class='ocrx_word' id='word_1_134' title='bbox 1341 1908 1578 1992; x_wconf 85' lang='lat' dir='ltr'>viginti</span> <span class='ocrx_word' id='word_1_135' title='bbox 1620 1914 1690 1972; x_wconf 90' lang='lat' dir='ltr'>et</span> <span class='ocrx_word' id='word_1_136' title='bbox 1737 1914 1985 1991; x_wconf 85' lang='lat' dir='ltr'>septem</span> <span class='ocrx_word' id='word_1_137' title='bbox 2029 1906 2267 1972; x_wconf 89' lang='lat' dir='ltr'>solidos</span> <span class='ocrx_word' id='word_1_138' title='bbox 2310 1907 2536 1991; x_wconf 87' lang='lat' dir='ltr'>legalis</span> <span class='ocrx_word' id='word_1_139' title='bbox 2587 1916 2877 1973; x_wconf 82' lang='lat' dir='ltr'>monetae</span> 
     </span>
     <span class='ocr_line' id='line_1_17' title="bbox 587 1993 2875 2078; baseline 0 -20"><span class='ocrx_word' id='word_1_140' title='bbox 587 1993 847 2078; x_wconf 84' lang='lat' dir='ltr'>Angliae</span> <span class='ocrx_word' id='word_1_141' title='bbox 891 1994 974 2059; x_wconf 92' lang='lat' dir='ltr'>de</span> <span class='ocrx_word' id='word_1_142' title='bbox 1023 1994 1227 2059; x_wconf 90' lang='lat' dir='ltr'>firmis</span> <span class='ocrx_word' id='word_1_143' title='bbox 1279 2002 1347 2059; x_wconf 93' lang='lat' dir='ltr'>et</span> <span class='ocrx_word' id='word_1_144' title='bbox 1397 1995 1683 2059; x_wconf 88' lang='lat' dir='ltr'>exitibus</span> <span class='ocrx_word' id='word_1_145' title='bbox 1730 1994 2004 2058; x_wconf 89' lang='lat' dir='ltr'>dominii</span> <span class='ocrx_word' id='word_1_146' title='bbox 2060 1994 2371 2077; x_wconf 71' lang='lat' dir='ltr'>praedicti,</span> <span class='ocrx_word' id='word_1_147' title='bbox 2421 1994 2505 2058; x_wconf 87' lang='lat' dir='ltr'>ad</span> <span class='ocrx_word' id='word_1_148' title='bbox 2552 1994 2875 2060; x_wconf 88' lang='lat' dir='ltr'>terminos</span> 
     </span>
     <span class='ocr_line' id='line_1_18' title="bbox 587 2080 2877 2165; baseline 0 -19"><span class='ocrx_word' id='word_1_149' title='bbox 587 2082 866 2146; x_wconf 79' lang='lat' dir='ltr'>usuales,</span> <span class='ocrx_word' id='word_1_150' title='bbox 973 2081 1076 2146; x_wconf 88' lang='lat' dir='ltr'>Ac</span> <span class='ocrx_word' id='word_1_151' title='bbox 1128 2082 1328 2146; x_wconf 89' lang='lat' dir='ltr'>etiam</span> <span class='ocrx_word' id='word_1_152' title='bbox 1373 2081 1721 2165; x_wconf 86' lang='lat' dir='ltr'>praedictus</span> <span class='ocrx_word' id='word_1_153' title='bbox 1779 2080 2114 2158; x_wconf 86' lang='lat' dir='ltr'>Ricardus,</span> <span class='ocrx_word' id='word_1_154' title='bbox 2163 2087 2312 2165; x_wconf 90' lang='lat' dir='ltr'>post</span> <span class='ocrx_word' id='word_1_155' title='bbox 2367 2086 2645 2146; x_wconf 86' lang='lat' dir='ltr'>mortem</span> <span class='ocrx_word' id='word_1_156' title='bbox 2702 2081 2877 2146; x_wconf 83' lang='lat' dir='ltr'>dicti</span> 
     </span>
     <span class='ocr_line' id='line_1_19' title="bbox 590 2167 2876 2251; baseline 0 -19"><span class='ocrx_word' id='word_1_157' title='bbox 590 2168 878 2245; x_wconf 87' lang='lat' dir='ltr'>Henrici‚</span> <span class='ocrx_word' id='word_1_158' title='bbox 919 2167 1187 2233; x_wconf 89' lang='lat' dir='ltr'>habebit</span> <span class='ocrx_word' id='word_1_159' title='bbox 1229 2168 1314 2233; x_wconf 88' lang='lat' dir='ltr'>ad</span> <span class='ocrx_word' id='word_1_160' title='bbox 1357 2168 1711 2232; x_wconf 87' lang='lat' dir='ltr'>terminum</span> <span class='ocrx_word' id='word_1_161' title='bbox 1753 2168 1909 2233; x_wconf 81' lang='lat' dir='ltr'>vitae</span> <span class='ocrx_word' id='word_1_162' title='bbox 1948 2168 2155 2251; x_wconf 90' lang='lat' dir='ltr'>ipsius</span> <span class='ocrx_word' id='word_1_163' title='bbox 2200 2168 2481 2246; x_wconf 88' lang='lat' dir='ltr'>Ricardi,</span> <span class='ocrx_word' id='word_1_164' title='bbox 2508 2169 2876 2247; x_wconf 88' lang='lat' dir='ltr'>annuatim,</span> 
     </span>
     <span class='ocr_line' id='line_1_20' title="bbox 589 2253 2875 2339; baseline 0 -19"><span class='ocrx_word' id='word_1_165' title='bbox 589 2253 812 2321; x_wconf 90' lang='lat' dir='ltr'>decem</span> <span class='ocrx_word' id='word_1_166' title='bbox 840 2255 1093 2321; x_wconf 89' lang='lat' dir='ltr'>solidos.</span> <span class='ocrx_word' id='word_1_167' title='bbox 1182 2255 1474 2320; x_wconf 86' lang='lat' dir='ltr'>Habebit</span> <span class='ocrx_word' id='word_1_168' title='bbox 1503 2256 1702 2319; x_wconf 87' lang='lat' dir='ltr'>etiam</span> <span class='ocrx_word' id='word_1_169' title='bbox 1732 2254 1946 2319; x_wconf 88' lang='lat' dir='ltr'>dictus</span> <span class='ocrx_word' id='word_1_170' title='bbox 1969 2254 2283 2320; x_wconf 87' lang='lat' dir='ltr'>Ricardus</span> <span class='ocrx_word' id='word_1_171' title='bbox 2305 2259 2435 2320; x_wconf 85' lang='lat' dir='ltr'>tres</span> <span class='ocrx_word' id='word_1_172' title='bbox 2465 2275 2646 2320; x_wconf 82' lang='lat' dir='ltr'>acras</span> <span class='ocrx_word' id='word_1_173' title='bbox 2674 2256 2875 2339; x_wconf 73' lang='lat' dir='ltr'>prati,</span> 
     </span>
     <span class='ocr_line' id='line_1_21' title="bbox 588 2340 2876 2426; baseline 0 -19"><span class='ocrx_word' id='word_1_174' title='bbox 588 2362 737 2407; x_wconf 90' lang='lat' dir='ltr'>cum</span> <span class='ocrx_word' id='word_1_175' title='bbox 766 2363 899 2407; x_wconf 90' lang='lat' dir='ltr'>uno</span> <span class='ocrx_word' id='word_1_176' title='bbox 927 2342 1082 2426; x_wconf 91' lang='lat' dir='ltr'>pike</span> <span class='ocrx_word' id='word_1_177' title='bbox 1111 2343 1282 2426; x_wconf 87' lang='lat' dir='ltr'>prati</span> <span class='ocrx_word' id='word_1_178' title='bbox 1317 2343 1389 2406; x_wconf 91' lang='lat' dir='ltr'>in</span> <span class='ocrx_word' id='word_1_179' title='bbox 1432 2342 1784 2407; x_wconf 89' lang='lat' dir='ltr'>Welborne</span> <span class='ocrx_word' id='word_1_180' title='bbox 1827 2340 2149 2426; x_wconf 87' lang='lat' dir='ltr'>praedicto.</span> <span class='ocrx_word' id='word_1_181' title='bbox 2237 2342 2326 2406; x_wconf 89' lang='lat' dir='ltr'>Et</span> <span class='ocrx_word' id='word_1_182' title='bbox 2370 2341 2569 2407; x_wconf 85' lang='lat' dir='ltr'>etiam</span> <span class='ocrx_word' id='word_1_183' title='bbox 2612 2342 2876 2426; x_wconf 83' lang='lat' dir='ltr'>praefati</span> 
     </span>
     <span class='ocr_line' id='line_1_22' title="bbox 588 2428 2874 2513; baseline 0 -20"><span class='ocrx_word' id='word_1_184' title='bbox 588 2428 914 2494; x_wconf 72' lang='lat' dir='ltr'>Hem-icus</span> <span class='ocrx_word' id='word_1_185' title='bbox 959 2437 1026 2495; x_wconf 92' lang='lat' dir='ltr'>et</span> <span class='ocrx_word' id='word_1_186' title='bbox 1071 2429 1403 2506; x_wconf 84' lang='lat' dir='ltr'>Ricardus‚</span> <span class='ocrx_word' id='word_1_187' title='bbox 1432 2450 1604 2494; x_wconf 89' lang='lat' dir='ltr'>unus</span> <span class='ocrx_word' id='word_1_188' title='bbox 1647 2434 1795 2513; x_wconf 90' lang='lat' dir='ltr'>post</span> <span class='ocrx_word' id='word_1_189' title='bbox 1838 2429 2132 2505; x_wconf 87' lang='lat' dir='ltr'>alterum,</span> <span class='ocrx_word' id='word_1_190' title='bbox 2175 2429 2445 2513; x_wconf 88' lang='lat' dir='ltr'>recipiet</span> <span class='ocrx_word' id='word_1_191' title='bbox 2486 2436 2555 2494; x_wconf 91' lang='lat' dir='ltr'>et</span> <span class='ocrx_word' id='word_1_192' title='bbox 2598 2429 2874 2494; x_wconf 85' lang='lat' dir='ltr'>habebit</span> 
     </span>
     <span class='ocr_line' id='line_1_23' title="bbox 588 2515 2873 2600; baseline 0.001 -20"><span class='ocrx_word' id='word_1_193' title='bbox 588 2518 927 2581; x_wconf 89' lang='lat' dir='ltr'>annuatim</span> <span class='ocrx_word' id='word_1_194' title='bbox 971 2537 1194 2582; x_wconf 91' lang='lat' dir='ltr'>omnes</span> <span class='ocrx_word' id='word_1_195' title='bbox 1239 2517 1496 2581; x_wconf 86' lang='lat' dir='ltr'>arbores</span> <span class='ocrx_word' id='word_1_196' title='bbox 1542 2524 1611 2581; x_wconf 93' lang='lat' dir='ltr'>et</span> <span class='ocrx_word' id='word_1_197' title='bbox 1652 2536 1863 2581; x_wconf 85' lang='lat' dir='ltr'>ramos</span> <span class='ocrx_word' id='word_1_198' title='bbox 1914 2515 2216 2580; x_wconf 87' lang='lat' dir='ltr'>arborum</span> <span class='ocrx_word' id='word_1_199' title='bbox 2258 2522 2458 2580; x_wconf 87' lang='lat' dir='ltr'>vento</span> <span class='ocrx_word' id='word_1_200' title='bbox 2507 2522 2873 2600; x_wconf 83' lang='lat' dir='ltr'>prostratos</span> 
     </span>
     <span class='ocr_line' id='line_1_24' title="bbox 586 2602 2874 2687; baseline -0 -19"><span class='ocrx_word' id='word_1_201' title='bbox 586 2604 758 2668; x_wconf 80' lang='lat' dir='ltr'>infra</span> <span class='ocrx_word' id='word_1_202' title='bbox 786 2604 1036 2669; x_wconf 91' lang='lat' dir='ltr'>dictum</span> <span class='ocrx_word' id='word_1_203' title='bbox 1071 2603 1356 2668; x_wconf 89' lang='lat' dir='ltr'>officium</span> <span class='ocrx_word' id='word_1_204' title='bbox 1403 2623 1597 2667; x_wconf 91' lang='lat' dir='ltr'>suum</span> <span class='ocrx_word' id='word_1_205' title='bbox 1626 2602 1940 2686; x_wconf 88' lang='lat' dir='ltr'>quamdiu</span> <span class='ocrx_word' id='word_1_206' title='bbox 1990 2602 2159 2667; x_wconf 91' lang='lat' dir='ltr'>illud</span> <span class='ocrx_word' id='word_1_207' title='bbox 2208 2610 2495 2687; x_wconf 82' lang='lat' dir='ltr'>occupat.</span> <span class='ocrx_word' id='word_1_208' title='bbox 2585 2602 2677 2667; x_wconf 89' lang='lat' dir='ltr'>Et</span> <span class='ocrx_word' id='word_1_209' title='bbox 2714 2624 2874 2669; x_wconf 86' lang='lat' dir='ltr'>cum</span> 
     </span>
     <span class='ocr_line' id='line_1_25' title="bbox 588 2690 2873 2775; baseline 0 -21"><span class='ocrx_word' id='word_1_210' title='bbox 588 2692 840 2775; x_wconf 84' lang='lat' dir='ltr'>praefati</span> <span class='ocrx_word' id='word_1_211' title='bbox 870 2691 1184 2775; x_wconf 85' lang='lat' dir='ltr'>Religiosi</span> <span class='ocrx_word' id='word_1_212' title='bbox 1211 2690 1340 2755; x_wconf 86' lang='lat' dir='ltr'>viri</span> <span class='ocrx_word' id='word_1_213' title='bbox 1367 2690 1514 2754; x_wconf 87' lang='lat' dir='ltr'>aliis</span> <span class='ocrx_word' id='word_1_214' title='bbox 1546 2690 1975 2755; x_wconf 85' lang='lat' dir='ltr'>servientibus</span> <span class='ocrx_word' id='word_1_215' title='bbox 1997 2690 2133 2754; x_wconf 90' lang='lat' dir='ltr'>suis</span> <span class='ocrx_word' id='word_1_216' title='bbox 2156 2709 2305 2774; x_wconf 86' lang='lat' dir='ltr'>erga</span> <span class='ocrx_word' id='word_1_217' title='bbox 2333 2690 2577 2754; x_wconf 90' lang='lat' dir='ltr'>festum</span> <span class='ocrx_word' id='word_1_218' title='bbox 2607 2690 2873 2755; x_wconf 85' lang='lat' dir='ltr'>Natalis</span> 
     </span>
     <span class='ocr_line' id='line_1_26' title="bbox 588 2776 2873 2862; baseline 0 -21"><span class='ocrx_word' id='word_1_219' title='bbox 588 2778 862 2841; x_wconf 90' lang='lat' dir='ltr'>Domini</span> <span class='ocrx_word' id='word_1_220' title='bbox 911 2776 1299 2861; x_wconf 80' lang='lat' dir='ltr'>provident²</span> <span class='ocrx_word' id='word_1_221' title='bbox 1347 2796 1641 2861; x_wconf 90' lang='lat' dir='ltr'>pannum</span> <span class='ocrx_word' id='word_1_222' title='bbox 1687 2796 1807 2859; x_wconf 89' lang='lat' dir='ltr'>pro</span> <span class='ocrx_word' id='word_1_223' title='bbox 1851 2776 2019 2861; x_wconf 86' lang='lat' dir='ltr'>togis</span> <span class='ocrx_word' id='word_1_224' title='bbox 2063 2777 2189 2841; x_wconf 89' lang='lat' dir='ltr'>sibi</span> <span class='ocrx_word' id='word_1_225' title='bbox 2232 2776 2482 2855; x_wconf 87' lang='lat' dir='ltr'>fiendis,</span> <span class='ocrx_word' id='word_1_226' title='bbox 2525 2782 2687 2842; x_wconf 91' lang='lat' dir='ltr'>tunc</span> <span class='ocrx_word' id='word_1_227' title='bbox 2740 2778 2873 2862; x_wconf 90' lang='lat' dir='ltr'>ipsi</span> 
     </span>
     <span class='ocr_line' id='line_1_27' title="bbox 590 2860 2875 2949; baseline -0 -20"><span class='ocrx_word' id='word_1_228' title='bbox 590 2864 900 2949; x_wconf 86' lang='lat' dir='ltr'>Religiosi</span> <span class='ocrx_word' id='word_1_229' title='bbox 945 2864 1195 2929; x_wconf 89' lang='lat' dir='ltr'>dabunt</span> <span class='ocrx_word' id='word_1_230' title='bbox 1237 2872 1376 2929; x_wconf 88' lang='lat' dir='ltr'>tam</span> <span class='ocrx_word' id='word_1_231' title='bbox 1419 2865 1595 2929; x_wconf 90' lang='lat' dir='ltr'>dicto</span> <span class='ocrx_word' id='word_1_232' title='bbox 1637 2862 1943 2942; x_wconf 87' lang='lat' dir='ltr'>Henrico,</span> <span class='ocrx_word' id='word_1_233' title='bbox 1986 2863 2262 2929; x_wconf 86' lang='lat' dir='ltr'>durante</span> <span class='ocrx_word' id='word_1_234' title='bbox 2302 2860 2444 2927; x_wconf 83' lang='lat' dir='ltr'>&#39;vita</span> <span class='ocrx_word' id='word_1_235' title='bbox 2486 2883 2623 2940; x_wconf 87' lang='lat' dir='ltr'>sua,</span> <span class='ocrx_word' id='word_1_236' title='bbox 2668 2882 2875 2948; x_wconf 89' lang='lat' dir='ltr'>quam</span> 
     </span>
     <span class='ocr_line' id='line_1_28' title="bbox 589 2950 2875 3036; baseline 0 -21"><span class='ocrx_word' id='word_1_237' title='bbox 589 2952 858 3036; x_wconf 86' lang='lat' dir='ltr'>praefato</span> <span class='ocrx_word' id='word_1_238' title='bbox 899 2952 1194 3029; x_wconf 84' lang='lat' dir='ltr'>Ricardo,</span> <span class='ocrx_word' id='word_1_239' title='bbox 1238 2951 1511 3017; x_wconf 87' lang='lat' dir='ltr'>durante</span> <span class='ocrx_word' id='word_1_240' title='bbox 1555 2951 1693 3015; x_wconf 85' lang='lat' dir='ltr'>vita</span> <span class='ocrx_word' id='word_1_241' title='bbox 1737 2971 1873 3028; x_wconf 88' lang='lat' dir='ltr'>sua,</span> <span class='ocrx_word' id='word_1_242' title='bbox 1915 2951 2201 3016; x_wconf 86' lang='lat' dir='ltr'>officium</span> <span class='ocrx_word' id='word_1_243' title='bbox 2242 2950 2629 3035; x_wconf 84' lang='lat' dir='ltr'>praedictum</span> <span class='ocrx_word' id='word_1_244' title='bbox 2679 2971 2875 3016; x_wconf 90' lang='lat' dir='ltr'>occu-</span> 
     </span>
     <span class='ocr_line' id='line_1_29' title="bbox 589 3036 2873 3123; baseline 0 -21"><span class='ocrx_word' id='word_1_245' title='bbox 589 3039 794 3123; x_wconf 88' lang='lat' dir='ltr'>panti,</span> <span class='ocrx_word' id='word_1_246' title='bbox 823 3046 1294 3123; x_wconf 83' lang='lat' dir='ltr'>competentem</span> <span class='ocrx_word' id='word_1_247' title='bbox 1338 3058 1631 3123; x_wconf 91' lang='lat' dir='ltr'>pannum</span> <span class='ocrx_word' id='word_1_248' title='bbox 1674 3037 1757 3101; x_wconf 92' lang='lat' dir='ltr'>de</span> <span class='ocrx_word' id='word_1_249' title='bbox 1784 3037 2009 3103; x_wconf 90' lang='lat' dir='ltr'>eadem</span> <span class='ocrx_word' id='word_1_250' title='bbox 2053 3045 2230 3103; x_wconf 87' lang='lat' dir='ltr'>secta</span> <span class='ocrx_word' id='word_1_251' title='bbox 2272 3036 2448 3103; x_wconf 90' lang='lat' dir='ltr'>unde</span> <span class='ocrx_word' id='word_1_252' title='bbox 2477 3037 2605 3101; x_wconf 87' lang='lat' dir='ltr'>sibi</span> <span class='ocrx_word' id='word_1_253' title='bbox 2648 3044 2873 3123; x_wconf 88' lang='lat' dir='ltr'>togam</span> 
     </span>
     <span class='ocr_line' id='line_1_30' title="bbox 591 3124 2873 3208; baseline 0 -20"><span class='ocrx_word' id='word_1_254' title='bbox 591 3124 732 3189; x_wconf 87' lang='lat' dir='ltr'>fieri</span> <span class='ocrx_word' id='word_1_255' title='bbox 762 3126 974 3192; x_wconf 86' lang='lat' dir='ltr'>faciat.</span> <span class='ocrx_word' id='word_1_256' title='bbox 1060 3126 1162 3191; x_wconf 87' lang='lat' dir='ltr'>Ac</span> <span class='ocrx_word' id='word_1_257' title='bbox 1191 3126 1356 3191; x_wconf 89' lang='lat' dir='ltr'>bene</span> <span class='ocrx_word' id='word_1_258' title='bbox 1399 3126 1623 3189; x_wconf 89' lang='lat' dir='ltr'>licebit</span> <span class='ocrx_word' id='word_1_259' title='bbox 1666 3124 1992 3208; x_wconf 88' lang='lat' dir='ltr'>praedictis</span> <span class='ocrx_word' id='word_1_260' title='bbox 2035 3124 2321 3189; x_wconf 88' lang='lat' dir='ltr'>Henrico</span> <span class='ocrx_word' id='word_1_261' title='bbox 2366 3130 2434 3190; x_wconf 91' lang='lat' dir='ltr'>et</span> <span class='ocrx_word' id='word_1_262' title='bbox 2475 3124 2776 3202; x_wconf 84' lang='lat' dir='ltr'>Ricardo‚</span> <span class='ocrx_word' id='word_1_263' title='bbox 2804 3132 2873 3189; x_wconf 93' lang='lat' dir='ltr'>et</span> 
     </span>
     <span class='ocr_line' id='line_1_31' title="bbox 593 3210 2867 3296; baseline 0 -19"><span class='ocrx_word' id='word_1_264' title='bbox 593 3231 815 3277; x_wconf 88' lang='lat' dir='ltr'>eorum</span> <span class='ocrx_word' id='word_1_265' title='bbox 845 3214 1125 3295; x_wconf 88' lang='lat' dir='ltr'>utrique,</span> <span class='ocrx_word' id='word_1_266' title='bbox 1153 3233 1381 3295; x_wconf 85' lang='lat' dir='ltr'>capere</span> <span class='ocrx_word' id='word_1_267' title='bbox 1410 3213 1678 3277; x_wconf 88' lang='lat' dir='ltr'>boscum</span> <span class='ocrx_word' id='word_1_268' title='bbox 1708 3212 1961 3276; x_wconf 88' lang='lat' dir='ltr'>aridum</span> <span class='ocrx_word' id='word_1_269' title='bbox 1990 3218 2057 3276; x_wconf 90' lang='lat' dir='ltr'>et</span> <span class='ocrx_word' id='word_1_270' title='bbox 2085 3211 2331 3276; x_wconf 89' lang='lat' dir='ltr'>siccum</span> <span class='ocrx_word' id='word_1_271' title='bbox 2359 3212 2430 3276; x_wconf 91' lang='lat' dir='ltr'>in</span> <span class='ocrx_word' id='word_1_272' title='bbox 2459 3210 2672 3275; x_wconf 88' lang='lat' dir='ltr'>boscis</span> <span class='ocrx_word' id='word_1_273' title='bbox 2702 3232 2867 3296; x_wconf 78' lang='lat' dir='ltr'>prse-</span> 
     </span>
     <span class='ocr_line' id='line_1_32' title="bbox 594 3296 2871 3384; baseline 0 -21"><span class='ocrx_word' id='word_1_274' title='bbox 594 3298 784 3363; x_wconf 88' lang='lat' dir='ltr'>dictis</span> <span class='ocrx_word' id='word_1_275' title='bbox 814 3320 926 3384; x_wconf 90' lang='lat' dir='ltr'>pro</span> <span class='ocrx_word' id='word_1_276' title='bbox 947 3299 1140 3363; x_wconf 83' lang='lat' dir='ltr'>focali</span> <span class='ocrx_word' id='word_1_277' title='bbox 1161 3320 1293 3375; x_wconf 89' lang='lat' dir='ltr'>su0,</span> <span class='ocrx_word' id='word_1_278' title='bbox 1317 3299 1398 3363; x_wconf 83' lang='lat' dir='ltr'>ad</span> <span class='ocrx_word' id='word_1_279' title='bbox 1422 3320 1615 3363; x_wconf 90' lang='lat' dir='ltr'>usum</span> <span class='ocrx_word' id='word_1_280' title='bbox 1637 3315 1829 3363; x_wconf 89' lang='lat' dir='ltr'>suum</span> <span class='ocrx_word' id='word_1_281' title='bbox 1857 3298 2209 3383; x_wconf 87' lang='lat' dir='ltr'>proprium,</span> <span class='ocrx_word' id='word_1_282' title='bbox 2230 3305 2366 3362; x_wconf 89' lang='lat' dir='ltr'>tam</span> <span class='ocrx_word' id='word_1_283' title='bbox 2394 3297 2478 3362; x_wconf 88' lang='lat' dir='ltr'>ad</span> <span class='ocrx_word' id='word_1_284' title='bbox 2505 3296 2871 3363; x_wconf 89' lang='lat' dir='ltr'>ardendum</span> 
     </span>
     <span class='ocr_line' id='line_1_33' title="bbox 595 3384 2870 3471; baseline 0 -21"><span class='ocrx_word' id='word_1_285' title='bbox 595 3406 790 3470; x_wconf 89' lang='lat' dir='ltr'>quam</span> <span class='ocrx_word' id='word_1_286' title='bbox 834 3407 949 3471; x_wconf 91' lang='lat' dir='ltr'>pro</span> <span class='ocrx_word' id='word_1_287' title='bbox 979 3386 1348 3451; x_wconf 86' lang='lat' dir='ltr'>defensione</span> <span class='ocrx_word' id='word_1_288' title='bbox 1391 3406 1510 3451; x_wconf 88' lang='lat' dir='ltr'>sua</span> <span class='ocrx_word' id='word_1_289' title='bbox 1554 3386 1705 3450; x_wconf 91' lang='lat' dir='ltr'>inde</span> <span class='ocrx_word' id='word_1_290' title='bbox 1750 3386 2047 3451; x_wconf 87' lang='lat' dir='ltr'>facienda</span> <span class='ocrx_word' id='word_1_291' title='bbox 2089 3392 2156 3451; x_wconf 90' lang='lat' dir='ltr'>et</span> <span class='ocrx_word' id='word_1_292' title='bbox 2200 3384 2643 3462; x_wconf 86' lang='lat' dir='ltr'>sustentanda,</span> <span class='ocrx_word' id='word_1_293' title='bbox 2674 3393 2870 3470; x_wconf 85' lang='lat' dir='ltr'>prout</span> 
     </span>
     <span class='ocr_line' id='line_1_34' title="bbox 591 3472 2872 3558; baseline -0 -21"><span class='ocrx_word' id='word_1_294' title='bbox 591 3474 664 3537; x_wconf 92' lang='lat' dir='ltr'>in</span> <span class='ocrx_word' id='word_1_295' title='bbox 693 3473 972 3558; x_wconf 87' lang='lat' dir='ltr'>quadam</span> <span class='ocrx_word' id='word_1_296' title='bbox 1001 3473 1347 3537; x_wconf 87' lang='lat' dir='ltr'>indentura</span> <span class='ocrx_word' id='word_1_297' title='bbox 1389 3473 1637 3537; x_wconf 91' lang='lat' dir='ltr'>eisdem</span> <span class='ocrx_word' id='word_1_298' title='bbox 1679 3472 1963 3537; x_wconf 90' lang='lat' dir='ltr'>Henrico</span> <span class='ocrx_word' id='word_1_299' title='bbox 2007 3480 2074 3537; x_wconf 91' lang='lat' dir='ltr'>et</span> <span class='ocrx_word' id='word_1_300' title='bbox 2116 3472 2391 3538; x_wconf 86' lang='lat' dir='ltr'>Ricardo</span> <span class='ocrx_word' id='word_1_301' title='bbox 2432 3472 2515 3537; x_wconf 89' lang='lat' dir='ltr'>de</span> <span class='ocrx_word' id='word_1_302' title='bbox 2556 3473 2872 3558; x_wconf 84' lang='lat' dir='ltr'>graungia</span> 
     </span>
     <span class='ocr_line' id='line_1_35' title="bbox 592 3558 2870 3645; baseline -0 -21"><span class='ocrx_word' id='word_1_303' title='bbox 592 3568 822 3625; x_wconf 85' lang='lat' dir='ltr'>vocata</span> <span class='ocrx_word' id='word_1_304' title='bbox 850 3561 1077 3625; x_wconf 88' lang='lat' dir='ltr'>Lunde</span> <span class='ocrx_word' id='word_1_305' title='bbox 1110 3561 1285 3637; x_wconf 84' lang='lat' dir='ltr'>Cote,</span> <span class='ocrx_word' id='word_1_306' title='bbox 1314 3561 1486 3624; x_wconf 90' lang='lat' dir='ltr'>inter</span> <span class='ocrx_word' id='word_1_307' title='bbox 1506 3560 1639 3624; x_wconf 86' lang='lat' dir='ltr'>alia</span> <span class='ocrx_word' id='word_1_308' title='bbox 1659 3559 1972 3638; x_wconf 88' lang='lat' dir='ltr'>confecta,</span> <span class='ocrx_word' id='word_1_309' title='bbox 1987 3559 2140 3623; x_wconf 89' lang='lat' dir='ltr'>data</span> <span class='ocrx_word' id='word_1_310' title='bbox 2162 3560 2284 3623; x_wconf 90' lang='lat' dir='ltr'>sub</span> <span class='ocrx_word' id='word_1_311' title='bbox 2306 3558 2519 3645; x_wconf 86' lang='lat' dir='ltr'>sigillo</span> <span class='ocrx_word' id='word_1_312' title='bbox 2537 3559 2870 3623; x_wconf 90' lang='lat' dir='ltr'>communi</span> 
     </span>
     <span class='ocr_line' id='line_1_36' title="bbox 593 3645 2870 3731; baseline 0 -19"><span class='ocrx_word' id='word_1_313' title='bbox 593 3647 754 3713; x_wconf 90' lang='lat' dir='ltr'>dicti</span> <span class='ocrx_word' id='word_1_314' title='bbox 795 3668 1005 3731; x_wconf 90' lang='lat' dir='ltr'>nuper</span> <span class='ocrx_word' id='word_1_315' title='bbox 1047 3647 1432 3712; x_wconf 86' lang='lat' dir='ltr'>Monasterii</span> <span class='ocrx_word' id='word_1_316' title='bbox 1474 3647 1557 3713; x_wconf 89' lang='lat' dir='ltr'>de</span> <span class='ocrx_word' id='word_1_317' title='bbox 1601 3645 1930 3731; x_wconf 87' lang='lat' dir='ltr'>Ryevalle,</span> <span class='ocrx_word' id='word_1_318' title='bbox 1974 3646 2207 3711; x_wconf 89' lang='lat' dir='ltr'>ultimo</span> <span class='ocrx_word' id='word_1_319' title='bbox 2251 3646 2357 3711; x_wconf 91' lang='lat' dir='ltr'>die</span> <span class='ocrx_word' id='word_1_320' title='bbox 2402 3646 2700 3719; x_wconf 86' lang='lat' dir='ltr'>Octobris</span> <span class='ocrx_word' id='word_1_321' title='bbox 2742 3664 2870 3712; x_wconf 61' lang='lat' dir='ltr'>Aa).</span> 
     </span>
    </p>
   </div>
   <div class='ocr_carea' id='block_1_3' title="bbox 595 3818 2875 4607">
    <p class='ocr_par' dir='ltr' id='par_1_3' title="bbox 595 3818 2875 4607">
     <span class='ocr_line' id='line_1_37' title="bbox 665 3818 2873 3885; baseline 0 -13"><span class='ocrx_word' id='word_1_322' title='bbox 665 3821 682 3851; x_wconf 86' lang='lat'>²</span> <span class='ocrx_word' id='word_1_323' title='bbox 715 3820 845 3872; x_wconf 81' lang='lat' dir='ltr'>&#39;I&#39;his</span> <span class='ocrx_word' id='word_1_324' title='bbox 865 3820 914 3871; x_wconf 77' lang='lat' dir='ltr'>ie</span> <span class='ocrx_word' id='word_1_325' title='bbox 946 3835 979 3870; x_wconf 76' lang='grc' dir='ltr'>ι</span> <span class='ocrx_word' id='word_1_326' title='bbox 1012 3818 1160 3871; x_wconf 77' lang='lat' dir='ltr'>word</span> <span class='ocrx_word' id='word_1_327' title='bbox 1191 3819 1248 3871; x_wconf 78' lang='lat' dir='ltr'>of</span> <span class='ocrx_word' id='word_1_328' title='bbox 1283 3818 1359 3885; x_wconf 84' lang='lat' dir='ltr'>by</span> <span class='ocrx_word' id='word_1_329' title='bbox 1379 3836 1451 3870; x_wconf 89' lang='lat' dir='ltr'>no</span> <span class='ocrx_word' id='word_1_330' title='bbox 1483 3836 1669 3871; x_wconf 78' lang='lat' dir='ltr'>means</span> <span class='ocrx_word' id='word_1_331' title='bbox 1783 3820 2065 3873; x_wconf 80' lang='lat' dir='ltr'>otherwise</span> <span class='ocrx_word' id='word_1_332' title='bbox 2076 3824 2218 3872; x_wconf 76' lang='lat' dir='ltr'>most</span> <span class='ocrx_word' id='word_1_333' title='bbox 2233 3819 2481 3872; x_wconf 78' lang='lat' dir='ltr'>valuable</span> <span class='ocrx_word' id='word_1_334' title='bbox 2496 3819 2657 3873; x_wconf 87' lang='lat' dir='ltr'>book.</span> <span class='ocrx_word' id='word_1_335' title='bbox 2698 3820 2873 3873; x_wconf 78' lang='lat' dir='ltr'>What</span> 
     </span>
     <span class='ocr_line' id='line_1_38' title="bbox 595 3884 2873 3947; baseline 0 -11"><span class='ocrx_word' id='word_1_336' title='bbox 595 3886 750 3937; x_wconf 85' lang='lat' dir='ltr'>usual</span> <span class='ocrx_word' id='word_1_337' title='bbox 788 3902 1134 3947; x_wconf 87' lang='lat' dir='ltr'>occurrence;</span> <span class='ocrx_word' id='word_1_338' title='bbox 1167 3884 1360 3935; x_wconf 84' lang='lat' dir='ltr'>indeed</span> <span class='ocrx_word' id='word_1_339' title='bbox 1400 3885 1431 3936; x_wconf 95' lang='lat'>1</span> <span class='ocrx_word' id='word_1_340' title='bbox 1466 3886 1537 3935; x_wconf 93' lang='lat' dir='ltr'>do</span> <span class='ocrx_word' id='word_1_341' title='bbox 1574 3892 1673 3937; x_wconf 89' lang='lat' dir='ltr'>not</span> <span class='ocrx_word' id='word_1_342' title='bbox 1785 3887 1832 3937; x_wconf 85' lang='lat' dir='ltr'>is</span> <span class='ocrx_word' id='word_1_343' title='bbox 1886 3886 2147 3938; x_wconf 85' lang='lat' dir='ltr'>intended</span> <span class='ocrx_word' id='word_1_344' title='bbox 2201 3884 2249 3936; x_wconf 74' lang='lat' dir='ltr'>ie</span> <span class='ocrx_word' id='word_1_345' title='bbox 2292 3902 2326 3937; x_wconf 80' lang='lat' dir='ltr'>a</span> <span class='ocrx_word' id='word_1_346' title='bbox 2368 3885 2512 3937; x_wconf 83' lang='lat' dir='ltr'>uook</span> <span class='ocrx_word' id='word_1_347' title='bbox 2565 3901 2628 3936; x_wconf 87' lang='lat' dir='ltr'>or</span> <span class='ocrx_word' id='word_1_348' title='bbox 2683 3901 2873 3937; x_wconf 84' lang='lat' dir='ltr'>corner</span> 
     </span>
     <span class='ocr_line' id='line_1_39' title="bbox 597 3950 2875 4017; baseline 0 -15"><span class='ocrx_word' id='word_1_349' title='bbox 597 3951 890 4002; x_wconf 88' lang='lat' dir='ltr'>remember</span> <span class='ocrx_word' id='word_1_350' title='bbox 913 3950 1114 4017; x_wconf 81' lang='lat' dir='ltr'>having</span> <span class='ocrx_word' id='word_1_351' title='bbox 1133 3955 1245 4001; x_wconf 89' lang='lat' dir='ltr'>met</span> <span class='ocrx_word' id='word_1_352' title='bbox 1267 3950 1400 4001; x_wconf 78' lang='lat' dir='ltr'>with</span> <span class='ocrx_word' id='word_1_353' title='bbox 1424 3952 1472 4001; x_wconf 89' lang='lat' dir='ltr'>it</span> <span class='ocrx_word' id='word_1_354' title='bbox 1491 3950 1673 4002; x_wconf 78' lang='lat' dir='ltr'>before</span> <span class='ocrx_word' id='word_1_355' title='bbox 1783 3951 2096 4002; x_wconf 79' lang='lat' dir='ltr'>occasioned</span> <span class='ocrx_word' id='word_1_356' title='bbox 2150 3950 2226 4017; x_wconf 84' lang='lat' dir='ltr'>by</span> <span class='ocrx_word' id='word_1_357' title='bbox 2268 3952 2363 4001; x_wconf 88' lang='lat' dir='ltr'>the</span> <span class='ocrx_word' id='word_1_358' title='bbox 2408 3966 2769 4017; x_wconf 74' lang='lat' dir='ltr'>conver-genoe</span> <span class='ocrx_word' id='word_1_359' title='bbox 2816 3952 2875 4003; x_wconf 77' lang='lat' dir='ltr'>of</span> 
     </span>
     <span class='ocr_line' id='line_1_40' title="bbox 599 4015 2868 4082; baseline 0 -14"><span class='ocrx_word' id='word_1_360' title='bbox 599 4018 656 4068; x_wconf 87' lang='lat' dir='ltr'>in</span> <span class='ocrx_word' id='word_1_361' title='bbox 694 4032 802 4082; x_wconf 82' lang='lat' dir='ltr'>any</span> <span class='ocrx_word' id='word_1_362' title='bbox 840 4016 1126 4067; x_wconf 89' lang='lat' dir='ltr'>document</span> <span class='ocrx_word' id='word_1_363' title='bbox 1161 4015 1217 4067; x_wconf 76' lang='lat' dir='ltr'>of</span> <span class='ocrx_word' id='word_1_364' title='bbox 1257 4016 1354 4066; x_wconf 88' lang='lat' dir='ltr'>the</span> <span class='ocrx_word' id='word_1_365' title='bbox 1391 4020 1587 4067; x_wconf 80' lang='lat' dir='ltr'>nature</span> <span class='ocrx_word' id='word_1_366' title='bbox 1619 4016 1675 4068; x_wconf 77' lang='lat' dir='ltr'>of</span> <span class='ocrx_word' id='word_1_367' title='bbox 1785 4019 1896 4068; x_wconf 80' lang='lat' dir='ltr'>two</span> <span class='ocrx_word' id='word_1_368' title='bbox 1940 4016 2119 4067; x_wconf 82' lang='lat' dir='ltr'>fences</span> <span class='ocrx_word' id='word_1_369' title='bbox 2164 4018 2245 4079; x_wconf 89' lang='lat' dir='ltr'>(or</span> <span class='ocrx_word' id='word_1_370' title='bbox 2288 4016 2445 4068; x_wconf 86' lang='lat' dir='ltr'>other</span> <span class='ocrx_word' id='word_1_371' title='bbox 2496 4015 2868 4079; x_wconf 67' lang='lat' dir='ltr'>boanda-ies),</span> 
     </span>
     <span class='ocr_line' id='line_1_41' title="bbox 599 4080 2875 4149; baseline 0 -15"><span class='ocrx_word' id='word_1_372' title='bbox 599 4081 695 4135; x_wconf 84' lang='lat' dir='ltr'>the</span> <span class='ocrx_word' id='word_1_373' title='bbox 716 4085 933 4148; x_wconf 82' lang='lat' dir='ltr'>present</span> <span class='ocrx_word' id='word_1_374' title='bbox 953 4080 1182 4133; x_wconf 88' lang='lat' dir='ltr'>records.</span> <span class='ocrx_word' id='word_1_375' title='bbox 1255 4080 1369 4132; x_wconf 86' lang='lat' dir='ltr'>The</span> <span class='ocrx_word' id='word_1_376' title='bbox 1403 4082 1671 4148; x_wconf 80' lang='lat' dir='ltr'>meaning,</span> <span class='ocrx_word' id='word_1_377' title='bbox 1786 4082 1896 4133; x_wconf 83' lang='lat' dir='ltr'>and</span> <span class='ocrx_word' id='word_1_378' title='bbox 1918 4082 2117 4148; x_wconf 81' lang='lat' dir='ltr'>having</span> <span class='ocrx_word' id='word_1_379' title='bbox 2136 4098 2169 4133; x_wconf 77' lang='grc' dir='ltr'>ι</span> <span class='ocrx_word' id='word_1_380' title='bbox 2190 4097 2338 4133; x_wconf 84' lang='lat' dir='ltr'>more</span> <span class='ocrx_word' id='word_1_381' title='bbox 2358 4097 2423 4133; x_wconf 86' lang='lat' dir='ltr'>or</span> <span class='ocrx_word' id='word_1_382' title='bbox 2440 4080 2547 4133; x_wconf 74' lang='lat' dir='ltr'>less</span> <span class='ocrx_word' id='word_1_383' title='bbox 2568 4081 2875 4149; x_wconf 55' lang='lat' dir='ltr'>niangular</span> 
     </span>
     <span class='ocr_line' id='line_1_42' title="bbox 599 4145 2875 4213; baseline 0 -14"><span class='ocrx_word' id='word_1_384' title='bbox 599 4148 865 4210; x_wconf 75' lang='lat' dir='ltr'>however,</span> <span class='ocrx_word' id='word_1_385' title='bbox 903 4148 951 4197; x_wconf 86' lang='lat' dir='ltr'>is</span> <span class='ocrx_word' id='word_1_386' title='bbox 988 4145 1064 4212; x_wconf 85' lang='lat' dir='ltr'>by</span> <span class='ocrx_word' id='word_1_387' title='bbox 1098 4162 1168 4197; x_wconf 89' lang='lat' dir='ltr'>no</span> <span class='ocrx_word' id='word_1_388' title='bbox 1207 4162 1388 4198; x_wconf 84' lang='lat' dir='ltr'>means</span> <span class='ocrx_word' id='word_1_389' title='bbox 1432 4146 1672 4199; x_wconf 79' lang='lat' dir='ltr'>obscure.</span> <span class='ocrx_word' id='word_1_390' title='bbox 1789 4146 1953 4213; x_wconf 79' lang='lat' dir='ltr'>shape</span> <span class='ocrx_word' id='word_1_391' title='bbox 1986 4148 2042 4198; x_wconf 88' lang='lat' dir='ltr'>in</span> <span class='ocrx_word' id='word_1_392' title='bbox 2075 4162 2435 4213; x_wconf 77' lang='lat' dir='ltr'>consequence</span> <span class='ocrx_word' id='word_1_393' title='bbox 2455 4146 2513 4198; x_wconf 81' lang='lat' dir='ltr'>of</span> <span class='ocrx_word' id='word_1_394' title='bbox 2543 4148 2619 4197; x_wconf 77' lang='lat' dir='ltr'>its</span> <span class='ocrx_word' id='word_1_395' title='bbox 2640 4162 2793 4199; x_wconf 80' lang='lat' dir='ltr'>more</span> <span class='ocrx_word' id='word_1_396' title='bbox 2812 4164 2875 4201; x_wconf 90' lang='lat' dir='ltr'>or</span> 
     </span>
     <span class='ocr_line' id='line_1_43' title="bbox 598 4211 2875 4279; baseline -0.001 -13"><span class='ocrx_word' id='word_1_397' title='bbox 598 4214 872 4266; x_wconf 75' lang='lat' dir='ltr'>Halliwell</span> <span class='ocrx_word' id='word_1_398' title='bbox 883 4213 1032 4279; x_wconf 84' lang='lat' dir='ltr'>gives</span> <span class='ocrx_word' id='word_1_399' title='bbox 1055 4212 1147 4262; x_wconf 87' lang='lat' dir='ltr'>the</span> <span class='ocrx_word' id='word_1_400' title='bbox 1161 4212 1310 4263; x_wconf 81' lang='lat' dir='ltr'>word</span> <span class='ocrx_word' id='word_1_401' title='bbox 1333 4212 1524 4275; x_wconf 70' lang='lat' dir='ltr'>Plus,</span> <span class='ocrx_word' id='word_1_402' title='bbox 1542 4213 1677 4263; x_wconf 76' lang='lat' dir='ltr'>with</span> <span class='ocrx_word' id='word_1_403' title='bbox 1789 4212 1895 4263; x_wconf 85' lang='lat' dir='ltr'>less</span> <span class='ocrx_word' id='word_1_404' title='bbox 1957 4211 2179 4263; x_wconf 87' lang='lat' dir='ltr'>definite</span> <span class='ocrx_word' id='word_1_405' title='bbox 2232 4228 2515 4263; x_wconf 75' lang='lat' dir='ltr'>severance</span> <span class='ocrx_word' id='word_1_406' title='bbox 2581 4212 2727 4263; x_wconf 79' lang='lat' dir='ltr'>from</span> <span class='ocrx_word' id='word_1_407' title='bbox 2780 4214 2875 4265; x_wconf 85' lang='lat' dir='ltr'>the</span> 
     </span>
     <span class='ocr_line' id='line_1_44' title="bbox 601 4276 2873 4357; baseline -0 -26"><span class='ocrx_word' id='word_1_408' title='bbox 601 4279 696 4331; x_wconf 90' lang='lat' dir='ltr'>the</span> <span class='ocrx_word' id='word_1_409' title='bbox 728 4278 1024 4338; x_wconf 85' lang='lat' dir='ltr'>definition,</span> <span class='ocrx_word' id='word_1_410' title='bbox 1068 4280 1106 4305; x_wconf 83' lang='lat'>‘⁸</span> <span class='ocrx_word' id='word_1_411' title='bbox 1121 4276 1288 4329; x_wconf 84' lang='lat' dir='ltr'>Short</span> <span class='ocrx_word' id='word_1_412' title='bbox 1323 4276 1477 4329; x_wconf 80' lang='lat' dir='ltr'>butte</span> <span class='ocrx_word' id='word_1_413' title='bbox 1499 4277 1678 4329; x_wconf 81' lang='lat' dir='ltr'>which</span> <span class='ocrx_word' id='word_1_414' title='bbox 1788 4276 2012 4357; x_wconf 79' lang='lat' dir='ltr'>parallel</span> <span class='ocrx_word' id='word_1_415' title='bbox 2033 4277 2101 4329; x_wconf 78' lang='lat' dir='ltr'>eli</span> <span class='ocrx_word' id='word_1_416' title='bbox 2140 4294 2166 4328; x_wconf 83' lang='lat' dir='ltr'>s</span> <span class='ocrx_word' id='word_1_417' title='bbox 2186 4277 2303 4328; x_wconf 83' lang='lat' dir='ltr'>into</span> <span class='ocrx_word' id='word_1_418' title='bbox 2325 4276 2503 4329; x_wconf 77' lang='lat' dir='ltr'>which</span> <span class='ocrx_word' id='word_1_419' title='bbox 2525 4277 2622 4329; x_wconf 87' lang='lat' dir='ltr'>the</span> <span class='ocrx_word' id='word_1_420' title='bbox 2642 4280 2873 4330; x_wconf 78' lang='lat' dir='ltr'>remin-</span> 
     </span>
     <span class='ocr_line' id='line_1_45' title="bbox 598 4341 2869 4421; baseline 0 -26"><span class='ocrx_word' id='word_1_421' title='bbox 598 4344 678 4395; x_wconf 85' lang='lat' dir='ltr'>fill</span> <span class='ocrx_word' id='word_1_422' title='bbox 721 4360 798 4410; x_wconf 90' lang='lat' dir='ltr'>up</span> <span class='ocrx_word' id='word_1_423' title='bbox 841 4344 936 4395; x_wconf 88' lang='lat' dir='ltr'>the</span> <span class='ocrx_word' id='word_1_424' title='bbox 978 4342 1322 4421; x_wconf 75' lang='lat' dir='ltr'>irregularity</span> <span class='ocrx_word' id='word_1_425' title='bbox 1364 4343 1560 4394; x_wconf 79' lang='lat' dir='ltr'>caused</span> <span class='ocrx_word' id='word_1_426' title='bbox 1602 4341 1679 4408; x_wconf 81' lang='lat' dir='ltr'>by</span> <span class='ocrx_word' id='word_1_427' title='bbox 1789 4358 1883 4409; x_wconf 87' lang='lat' dir='ltr'>mg</span> <span class='ocrx_word' id='word_1_428' title='bbox 1904 4343 2039 4394; x_wconf 85' lang='lat' dir='ltr'>bulk</span> <span class='ocrx_word' id='word_1_429' title='bbox 2059 4358 2092 4395; x_wconf 93' lang='lat' dir='ltr'>o</span> <span class='ocrx_word' id='word_1_430' title='bbox 2137 4342 2231 4394; x_wconf 89' lang='lat' dir='ltr'>the</span> <span class='ocrx_word' id='word_1_431' title='bbox 2252 4342 2525 4394; x_wconf 80' lang='lat' dir='ltr'>enclosure</span> <span class='ocrx_word' id='word_1_432' title='bbox 2545 4342 2593 4393; x_wconf 78' lang='lat' dir='ltr'>is</span> <span class='ocrx_word' id='word_1_433' title='bbox 2625 4342 2869 4396; x_wconf 74' lang='lat' dir='ltr'>divided.</span> 
     </span>
     <span class='ocr_line' id='line_1_46' title="bbox 599 4407 1675 4489; baseline -0.002 -28"><span class='ocrx_word' id='word_1_434' title='bbox 599 4410 798 4489; x_wconf 83' lang='lat' dir='ltr'>hedges</span> <span class='ocrx_word' id='word_1_435' title='bbox 829 4413 927 4460; x_wconf 89' lang='lat' dir='ltr'>not</span> <span class='ocrx_word' id='word_1_436' title='bbox 957 4424 1190 4473; x_wconf 73' lang='lat' dir='ltr'>running</span> <span class='ocrx_word' id='word_1_437' title='bbox 1222 4407 1500 4473; x_wconf 79' lang='lat' dir='ltr'>parallel,”</span> <span class='ocrx_word' id='word_1_438' title='bbox 1520 4424 1556 4460; x_wconf 79' lang='lat' dir='ltr'>a</span> <span class='ocrx_word' id='word_1_439' title='bbox 1587 4408 1675 4459; x_wconf 92' lang='lat' dir='ltr'>de-</span> 
     </span>
     <span class='ocr_line' id='line_1_47' title="bbox 598 4471 2871 4540; baseline 0 -13"><span class='ocrx_word' id='word_1_440' title='bbox 598 4475 816 4527; x_wconf 77' lang='lat' dir='ltr'>finition</span> <span class='ocrx_word' id='word_1_441' title='bbox 859 4490 919 4525; x_wconf 83' lang='lat' dir='ltr'>as</span> <span class='ocrx_word' id='word_1_442' title='bbox 971 4472 1314 4540; x_wconf 83' lang='lat' dir='ltr'>perspicuous</span> <span class='ocrx_word' id='word_1_443' title='bbox 1357 4488 1417 4523; x_wconf 81' lang='lat' dir='ltr'>as</span> <span class='ocrx_word' id='word_1_444' title='bbox 1459 4489 1495 4525; x_wconf 80' lang='lat' dir='ltr'>a</span> <span class='ocrx_word' id='word_1_445' title='bbox 1535 4472 1675 4540; x_wconf 90' lang='lat' dir='ltr'>good</span> <span class='ocrx_word' id='word_1_446' title='bbox 1853 4471 1875 4505; x_wconf 79' lang='lat'>²</span> <span class='ocrx_word' id='word_1_447' title='bbox 1906 4474 2037 4525; x_wconf 86' lang='lat' dir='ltr'>This</span> <span class='ocrx_word' id='word_1_448' title='bbox 2058 4474 2232 4524; x_wconf 84' lang='lat' dir='ltr'>entire</span> <span class='ocrx_word' id='word_1_449' title='bbox 2253 4476 2411 4539; x_wconf 68' lang='lat' dir='ltr'>enti-y</span> <span class='ocrx_word' id='word_1_450' title='bbox 2431 4473 2478 4524; x_wconf 85' lang='lat' dir='ltr'>is</span> <span class='ocrx_word' id='word_1_451' title='bbox 2498 4471 2557 4525; x_wconf 81' lang='lat' dir='ltr'>of</span> <span class='ocrx_word' id='word_1_452' title='bbox 2589 4488 2727 4539; x_wconf 74' lang='lat' dir='ltr'>very</span> <span class='ocrx_word' id='word_1_453' title='bbox 2748 4488 2871 4527; x_wconf 77' lang='lat' dir='ltr'>cou-</span> 
     </span>
     <span class='ocr_line' id='line_1_48' title="bbox 599 4536 2315 4607; baseline -0.001 -15"><span class='ocrx_word' id='word_1_454' title='bbox 599 4557 762 4607; x_wconf 83' lang='lat' dir='ltr'>many</span> <span class='ocrx_word' id='word_1_455' title='bbox 807 4540 988 4592; x_wconf 85' lang='lat' dir='ltr'>others</span> <span class='ocrx_word' id='word_1_456' title='bbox 1031 4538 1210 4589; x_wconf 77' lang='lat' dir='ltr'>which</span> <span class='ocrx_word' id='word_1_457' title='bbox 1255 4536 1508 4603; x_wconf 86' lang='lat' dir='ltr'>disfigure</span> <span class='ocrx_word' id='word_1_458' title='bbox 1551 4540 1675 4591; x_wconf 83' lang='lat' dir='ltr'>that</span> <span class='ocrx_word' id='word_1_459' title='bbox 1786 4538 2055 4590; x_wconf 76' lang='lat' dir='ltr'>siderable</span> <span class='ocrx_word' id='word_1_460' title='bbox 2076 4540 2315 4591; x_wconf 64' lang='lat' dir='ltr'>interest-</span> 
     </span>
    </p>
   </div>
   <div class='ocr_carea' id='block_1_4' title="bbox 3052 1378 3055 1951">
    <p class='ocr_par' dir='ltr' id='par_1_4' title="bbox 3052 1378 3055 1951">
     <span class='ocr_line' id='line_1_49' title="bbox 3052 1378 3055 1951; baseline 0 0"><span class='ocrx_word' id='word_1_461' title='bbox 3052 1378 3055 1951; x_wconf 95' lang='lat' dir='ltr'> </span> 
     </span>
    </p>
   </div>
   <div class='ocr_carea' id='block_1_5' title="bbox 3052 2840 3056 3955">
    <p class='ocr_par' dir='ltr' id='par_1_5' title="bbox 3052 2840 3056 3955">
     <span class='ocr_line' id='line_1_50' title="bbox 3052 2840 3056 3955; baseline 0 0"><span class='ocrx_word' id='word_1_462' title='bbox 3052 2840 3056 3955; x_wconf 95' lang='lat' dir='ltr'> </span> 
     </span>
    </p>
   </div>
  </div>
 </body>
</html>
