3075 5009
1149 488 1498 539 uminum.
2344 478 2469 537 403

191 645 358 724 Rege
398 646 762 725 respondere
804 654 916 707 etc.
1001 644 1086 706 Et
1111 640 1454 707 willelmus
1492 644 1646 707 dicit
1691 646 1857 725 quod
1896 645 2220 726 praedictus
2260 645 2471 708 Abbas

189 726 486 787 auxilium
524 725 776 788 Domini
825 726 1010 807 Regis
1056 744 1181 789 non
1224 726 1408 789 debet
1453 725 1694 803 habere,
1726 727 1871 807 quia
1916 727 2069 789 dicit
2113 728 2280 807 quod
2322 747 2471 807 prae-

185 806 390 869 dictus
417 806 773 885 willelmae,
806 816 1146 869 antecessor
1181 826 1345 885 suus,
1373 808 1450 870 de
1492 808 1669 887 cujus
1707 807 1950 887 seysina
1984 809 2115 889 ipse
2154 809 2470 889 placitavit

191 888 480 967 praedicta
525 896 890 962 tenemento„
933 888 1056 950 fuit
1093 888 1436 968 deseysitus
1488 897 1630 969 post
1672 890 2111 951 confectionem
2165 890 2468 969 praedictae

188 978 411 1031 cartae:
465 977 532 1031 et
570 970 684 1031 hoc
727 979 974 1051 paratus
1015 971 1321 1032 verificare
1369 977 1553 1051 prout
1592 970 1779 1033 Curia
1816 970 2067 1032 Domini
2108 971 2292 1050 Regis
2333 991 2470 1033 con-

187 1050 550 1113 sideraverit
591 1053 781 1127 bene;
837 1052 996 1133 petit
1036 1051 1330 1131 judicium
1376 1051 1428 1113 si
1473 1052 1801 1131 praedictus
1843 1053 2053 1113 Abbas
2092 1052 2388 1113 auxilium
2431 1071 2470 1114 a

190 1131 457 1194 Domino
513 1133 679 1213 Rege
741 1134 965 1194 habere
1029 1132 1265 1207 debeat,
1323 1152 1460 1193 cum
1519 1133 1649 1213 ipse
1713 1133 1795 1195 sit
1858 1143 2105 1213 paratus
2158 1134 2467 1195 verificare

190 1215 498 1293 seysinam
544 1214 820 1294 praedicti
866 1213 1176 1289 Willelmi,
1228 1215 1622 1277 antecessoris
1668 1216 1781 1291 sui,
1830 1214 1909 1277 de
1952 1214 2259 1294 praedietis
2305 1222 2469 1276 tene-

189 1294 432 1369 mentis,
461 1302 536 1356 ut
562 1295 638 1357 de
666 1295 847 1357 feodo
873 1303 938 1357 et
963 1296 1116 1375 jure,
1148 1302 1289 1375 post
1314 1296 1751 1357 confectionem
1778 1296 2082 1376 praedictae
2110 1306 2288 1358 cartae
2317 1302 2427 1357 etc.
2456 1320 2471 1357 ε

190 1376 362 1438 Dicit
406 1377 594 1439 etiam
646 1376 782 1438 aliis
828 1376 1166 1439 rationibus
1213 1377 1378 1455 quod
1423 1378 1751 1456 praedictus
1797 1378 2007 1439 Abbas
2054 1378 2351 1439 auxilium
2390 1377 2469 1439 de

189 1457 460 1519 Domino
499 1458 666 1538 Rege
708 1457 932 1520 habere
973 1478 1096 1519 non
1124 1457 1309 1519 debet
1347 1478 1460 1537 per
1497 1458 1848 1539 praedictam
1888 1468 2132 1532 cartam,
2164 1479 2299 1520 cum
2340 1458 2471 1539 ipse

191 1540 278 1599 sic
312 1548 558 1619 paratus
599 1540 680 1600 sit
719 1539 1029 1601 verificare
1057 1546 1190 1614 etc.,
1222 1538 1402 1618 quod,
1446 1546 1720 1620 tempore
1761 1540 2154 1601 confectionis
2195 1540 2469 1620 ejusdem

192 1630 391 1695 cartae,
421 1629 487 1682 et
528 1640 764 1700 semper
801 1630 1012 1700 postea
1043 1619 1334 1700 praedicta
1367 1628 1548 1696 terra,
1579 1641 1763 1701 quam
1800 1622 1929 1701 ipse
1956 1642 2117 1683 nunc
2144 1622 2320 1702 petit,
2350 1621 2473 1682 fuit

189 1702 452 1777 arabilis,
483 1703 637 1763 etin
665 1702 876 1763 eadem
910 1708 1074 1763 carta
1107 1703 1456 1764 continetur
1481 1702 1645 1782 quod
1673 1702 1973 1765 Dominus
2002 1702 2307 1764 Henricus
2333 1702 2470 1763 Rex

189 1782 367 1845 dedit
412 1782 700 1844 Ecclesiae
747 1785 823 1845 de
867 1783 1126 1863 Ryvalle
1161 1790 1226 1843 et
1263 1782 1571 1863 praedictis
1618 1784 1928 1845 monachis
1976 1792 2177 1845 totum
2223 1792 2467 1845 vastum

189 1884 370 1925 suum
399 1872 465 1926 et
491 1872 685 1925 totam
715 1870 1025 1945 pasturam
1051 1883 1224 1925 suam
1250 1865 1464 1925 subtus
1492 1864 1858 1945 Pykeringe,
1888 1873 1952 1926 et
1978 1866 2157 1927 sicin
2183 1865 2291 1927 illa
2304 1872 2471 1927 carta

189 1944 360 2007 nulla
388 1953 552 2007 terra
577 1946 852 2007 arrabilis
877 1946 1260 2007 continetur:
1305 1945 1490 2008 Unde
1517 1946 1674 2026 petit
1698 1946 1994 2025 judicium
2022 1954 2134 2009 etc.

275 2027 500 2088 Postea
521 2026 840 2088 mandavit
864 2025 1168 2088 Dominus
1195 2026 1330 2088 Rex
1357 2026 1523 2107 quod
1552 2027 1893 2089 Recordum
1922 2037 1986 2089 et
2012 2027 2265 2108 loquelae
2294 2028 2469 2089 istius

191 2118 257 2170 et
297 2127 610 2188 processus
651 2108 766 2169 sibi
807 2107 1226 2250 mfflteretur,
1271 2128 1382 2188 per
1419 2108 1605 2171 breve
1646 2128 1823 2170 suum
1858 2108 1924 2169 in
1965 2108 2092 2171 haec
2121 2111 2322 2185 verba,
2354 2116 2467 2170 etc.

193 2188 548 2263 Edwardus‚
604 2189 680 2251 D.
742 2189 816 2252 G.
967 2210 1012 2249 x
1064 2188 1304 2269 Angliae
1358 2236 1373 2251 .
1433 2236 1448 2251 .
1508 2236 1522 2250 .
1583 2189 1820 2251 dilectis
1874 2198 1939 2251 et
1992 2190 2274 2252 fidelibus
2328 2191 2469 2265 suis,

189 2270 464 2332 «Iohanni
491 2271 569 2331 de
597 2270 874 2332 Vallibus
916 2280 979 2332 et
1018 2270 1194 2331 sociis
1234 2270 1377 2344 suis,
1419 2270 1463 2331 J
1465 2270 1789 2332 usticiariis
1829 2271 2268 2333 Itinerantibus
2311 2271 2472 2351 apud

195 2352 396 2426 Ebot,
427 2352 702 2415 salutem.
788 2351 944 2413 Cum
964 2351 1308 2413 Willelmus
1335 2352 1412 2413 de
1441 2351 1676 2431 Wyvill
1704 2352 2039 2433 implacitet
2064 2354 2368 2414 Abbatem
2396 2352 2474 2413 de

195 2434 434 2495 Rivalle
488 2452 690 2495 eoram
743 2433 938 2507 nobis,
994 2452 1102 2513 per
1155 2433 1339 2494 breve
1391 2444 1670 2494 nostrum
1726 2433 1803 2494 de
1862 2440 2045 2507 recto,
2104 2434 2181 2495 de
2235 2433 2474 2495 duobus

193 2515 517 2595 mesuagiis
545 2524 608 2576 et
634 2512 1038 2594 quadraginta
1065 2512 1302 2575 bovatis
1334 2521 1510 2575 terrae
1538 2534 1677 2575 cum
1704 2514 2092 2593 pertinenciis
2121 2516 2185 2575 in
2212 2514 2477 2575 Thoren-

193 2606 341 2657 tona
394 2596 459 2656 in
513 2595 992 2676 Pykeringlithe,
1044 2604 1108 2656 et
1156 2594 1316 2656 idem
1371 2596 1581 2657 Abbas
1634 2595 1993 2675 excipiendo
2047 2615 2249 2657 coram
2301 2596 2475 2657 vobis

195 2677 422 2756 pluries
463 2677 780 2757 proposuit
816 2676 981 2756 quod
1015 2676 1212 2737 eidem
1240 2675 1548 2738 Willelmo
1589 2676 1668 2737 ad
1708 2677 2116 2738 narrationem
2158 2696 2328 2738 suam
2368 2696 2477 2739 seu

196 2758 275 2819 ad
316 2759 500 2820 breve
548 2765 824 2819 nostrum
871 2758 1232 2838 praedictum
1279 2775 1404 2818 non
1444 2757 1645 2833 debet,
1696 2777 1805 2819 nec
1853 2766 2069 2838 potest,
2123 2758 2253 2820 sine
2300 2757 2479 2819 nobis

197 2838 579 2919 respondere,
631 2859 740 2901 nos
784 2858 862 2901 ex
909 2858 1091 2900 causa
1130 2837 1237 2899 illa
1283 2858 1468 2918 super
1505 2838 1758 2901 recordo
1798 2846 1865 2900 et
1902 2858 2184 2919 processu
2223 2839 2478 2919 loquelae

195 2922 362 2983 illius
401 2920 638 3000 plenius
681 2920 992 2982 certiorari
1021 2919 1315 2995 volentes,
1341 2920 1515 2981 vobis
1555 2920 1913 2982 mandamus
1953 2921 2119 3001 quod
2160 2920 2478 2982 recordum

195 3012 260 3064 et
313 3021 658 3082 processum
712 3001 966 3081 loquelae
1021 3000 1311 3082 ejusdem,
1370 3021 1508 3062 cum
1556 3002 1841 3063 brevibus
1896 3010 1961 3063 et
2013 3003 2293 3063 omnibus
2347 3003 2481 3064 aliis

193 3084 502 3163 adjunctis
529 3083 831 3162 loquelam
872 3082 1041 3144 illam
1075 3092 1182 3143 tan
1226 3082 1484 3157 entibus,
1517 3082 1693 3145 nobis
1732 3083 2011 3158 mittatis,
2041 3090 2107 3145 et
2134 3084 2248 3145 hoc
2275 3084 2474 3160 breve,

194 3168 286 3226 ita
310 3164 474 3245 quod
515 3184 588 3226 ea
614 3164 941 3226 habeamus
981 3186 1020 3225 a
1047 3164 1146 3225 die
1181 3102 1244 3224 ξ
1273 3162 1527 3224 Martini
1555 3164 1621 3225 in
1660 3184 1747 3225 xv
1781 3163 1912 3226 dies
1951 3165 2298 3245 ubicunque
2332 3174 2479 3227 tunc

195 3246 493 3307 fuerimus
541 3246 606 3306 in
655 3244 918 3326 Anglia:
980 3244 1064 3306 Et
1111 3244 1263 3307 scire
1309 3244 1547 3305 faciatis
1593 3245 1871 3324 partibus
1920 3266 1997 3307 ex
2052 3258 2226 3326 parte
2271 3257 2481 3309 nostra

194 3326 363 3407 quod
417 3334 566 3389 tunc
627 3328 754 3388 sint
819 3346 1022 3388 coram
1089 3327 1266 3389 nobis
1335 3326 1587 3387 facturae
1656 3336 1721 3389 et
1788 3336 2120 3407 recepturae
2176 3328 2340 3408 quod
2401 3329 2479 3391 de

193 3406 449 3470 consilio
488 3416 700 3469 nostro
741 3408 886 3469 inde
915 3407 1270 3470 duxerimus
1310 3407 1735 3469 ordinandum.
1820 3408 1969 3469 Dies
1996 3408 2179 3469 datus
2207 3417 2301 3470 est
2329 3410 2415 3471 eis
2444 3432 2481 3471 a

193 3489 298 3551 die
342 3489 402 3551 S.
447 3488 766 3551 Michaelis
809 3490 875 3550 in
923 3508 1112 3550 unum
1161 3508 1432 3551 mensem
1474 3487 1589 3551 hic.
1691 3488 1774 3550 Et
1819 3489 2066 3551 interim
2108 3490 2479 3570 loquendum

192 3590 336 3632 cum
365 3571 534 3651 Rege
559 3572 702 3633 etc-¹

280 3822 374 3883 80.
409 3818 837 3902 [Abbreviatio
863 3819 1258 3895 Placitorum,
1333 3866 1347 3880 .
1383 3818 1510 3961 49.¹]
1592 3818 1773 3882 Ebor.
1860 3818 2204 3884 Willelmus
2232 3821 2309 3884 de
2336 3820 2483 3904 Wy·

196 3902 345 3964 ville
386 3901 546 3982 petit
582 3920 794 3964 versus
828 3900 1135 3963 Abbatem
1176 3900 1255 3963 de
1357 3900 1476 3961 'val
1501 3902 1554 3962 is
1596 3901 1719 3963 duo
1761 3903 2070 3984 mesuagia
2095 3912 2160 3965 et
2184 3903 2251 3965 xl
2278 3904 2486 3967 bovat—

196 4004 265 4046 as
313 3990 510 4057 terrm,
558 4002 696 4045 cum
743 3982 1153 4063 pertinenciis,
1197 3982 1263 4043 in
1318 3982 1667 4044 Thorneton
1712 3983 1777 4043 in
1818 3982 2185 4066 Pykeringa.
2277 3986 2487 4048 Abbss

193 4064 350 4127 dicit
391 4064 556 4144 quod
597 4063 902 4127 Henricus
942 4064 1096 4139 Rex,
1127 4082 1390 4144 proavus
1430 4072 1565 4140 etc„
1597 4063 1771 4125 dedit
1802 4064 1861 4127 ei
1897 4084 2007 4145 per
2038 4074 2267 4127 cartam
2301 4087 2485 4146 quam

197 4146 438 4227 profert
463 4153 596 4221 etc„
627 4154 692 4207 et
733 4146 1008 4208 continet
1041 4152 1235 4207 terras
1274 4142 1437 4206 infra
1462 4145 1771 4224 quandam
1810 4146 2395 4225 perambulationem
2420 4151 2486 4211 in

195 4228 414 4290 eadem
455 4228 771 4289 recitatam
814 4248 923 4307 per
947 4235 1144 4307 metas
1172 4234 1236 4288 et
1262 4224 1516 4302 bundas,
1548 4227 1712 4289 infra
1739 4246 1889 4306 quas
1916 4227 2096 4289 dictae
2132 4236 2311 4291 terrae
2352 4250 2486 4293 con-

196 4310 491 4371 tinentur.
579 4307 728 4369 Ideo
755 4308 956 4370 dictus
983 4308 1192 4370 Abbas
1219 4308 1348 4370 sine
1375 4307 1492 4370 die.

523 4489 542 4521 ¹
577 4490 682 4541 For
705 4488 798 4540 the
823 4489 964 4541 issue
986 4489 1043 4541 of
1064 4489 1216 4540 these
1238 4487 1584 4555 proceedings
1606 4504 1695 4539 see
1716 4494 1849 4540 next
1872 4488 2174 4541 document.
