3075 5009
870 481 1344 531 GARTULARIUM
1372 480 1837 531 insnum-rsit.
2365 470 2489 531 319

303 640 574 705 Simon·
592 637 618 679 ¹
663 638 926 705 onom
970 659 1122 704 cum
1172 639 1599 705 Onnnuncn.
1704 638 1795 703 Et
1836 638 1917 704 de
1960 659 2053 703 xx
2074 660 2123 704 s.
2168 637 2251 704 de
2308 640 2494 704 firma

203 727 413 792 unius
457 726 664 792 clausi
705 726 922 791 vocati
951 727 1226 793 Skerton
1258 726 1475 793 Crofte
1505 733 1574 792 et
1616 725 1985 810 Orlyaunce
2014 725 2227 791 soluta
2254 725 2339 790 ad
2366 732 2494 792 ter-

203 814 430 879 minos
471 813 1015 878 Annuntiationis
1058 818 1196 890 etc,
1224 810 1478 879 dimissi
1505 813 1573 878 N
1574 812 1823 878 icholao
1865 813 2241 899 Fayerfaxe,
2266 812 2495 893 Militi,

201 922 332 987 per
359 900 792 977 indenturam,
821 907 900 965 ut
925 899 1181 965 dicitur.

539 988 808 1053 Summa
835 1008 926 1052 xx
943 1008 996 1055 s.
1087 986 1357 1053 Summa
1384 986 1629 1053 Totalis
1658 986 1961 1071 Receptae
1988 985 2236 1052 xlviili.
2266 986 2338 1051 vi
2354 1008 2403 1054 s.

299 1125 362 1191 Ε
388 1125 628 1212 quibus
655 1124 980 1210 stipendia
1010 1125 1463 1211 computantis
1491 1145 1644 1191 cum
1672 1124 2044 1191 necessariis
2074 1124 2391 1209 expensis,

305 1213 494 1279 Idem
524 1217 858 1297 computat
884 1212 953 1276 in
985 1212 1173 1278 feodo
1201 1212 1410 1297 ipsius
1433 1212 1907 1297 computantis,
1935 1212 2328 1297 Receptoris‚
2356 1212 2495 1278 sive

212 1300 600 1367 Oollectoris
658 1299 1035 1364 reddituum
1087 1306 1155 1365 et
1204 1299 1539 1365 firmarum
1597 1300 1891 1364 omnium
1950 1304 2017 1364 et
2090 1299 2493 1385 singulorum

207 1387 574 1465 domorum,
603 1387 1058 1465 maneriorum,
1083 1388 1513 1473 grangiarum,
1533 1386 1858 1463 villarum,
1881 1392 1947 1451 et
1974 1393 2493 1452 tenementorum

209 1494 753 1559 quorumcunque
795 1474 868 1538 in
914 1475 1090 1540 Com.
1140 1474 1348 1551 Ebot„
1385 1480 1452 1539 et
1493 1473 1655 1538 alibi
1696 1473 1870 1537 infra
1918 1493 2190 1558 regnum
2240 1472 2494 1559 Angliae

209 1562 592 1645 ubicunque
628 1561 990 1645 jacentium
1033 1566 1100 1625 et
1143 1561 1586 1639 scituatorum,
1626 1560 1933 1645 praedicto
1977 1580 2186 1645 nuper
2227 1559 2491 1625 Monae-

208 1648 384 1713 terio
427 1648 509 1713 de
562 1648 875 1729 Ryevalle
925 1648 1396 1732 pertinentium
1446 1647 1586 1713 sive
1629 1647 2084 1732 spectantium,
2116 1646 2198 1711 ad
2227 1667 2266 1711 c
2286 1667 2333 1711 s.
2380 1668 2495 1732 per

211 1756 483 1813 annum,
522 1733 768 1799 solutos
811 1734 894 1799 ad
940 1734 1106 1799 festa
1147 1734 1691 1800 Annuntiationis
1738 1741 1875 1811 etc„
1918 1733 2308 1811 habendum,
2351 1741 2495 1799 ten-

212 1822 462 1888 endum
492 1827 558 1885 et
587 1822 1034 1906 occupandum
1063 1822 1346 1886 officium
1374 1821 1775 1907 praedictum,
1804 1841 1937 1885 una
1966 1842 2116 1885 cum
2143 1820 2331 1887 feodo
2361 1842 2406 1886 v
2424 1820 2493 1886 li.

214 1909 431 1974 eidem
471 1907 807 1973 Willelmo
851 1914 918 1973 et
960 1908 1301 1991 assignatis
1345 1908 1499 1987 suis,
1544 1908 1685 1973 vita
1728 1928 1847 1973 sua
1876 1907 2158 1972 naturali
2201 1908 2496 1985 durante,

213 1995 440 2061 clausa
484 1994 907 2060 districtionis
948 1995 1023 2059 in
1067 2001 1134 2060 et
1175 2016 1372 2079 super
1410 1996 1791 2081 graungiam
1835 2002 2130 2060 vocatam
2178 1996 2495 2080 Grosseby

218 2082 528 2167 Graunge
556 2102 672 2167 pro
715 2082 975 2148 defectu
1019 2082 1361 2147 solutionis
1405 2082 1577 2148 feodi
1607 2082 1902 2167 praedieti
1944 2102 2061 2166 per
2088 2082 2373 2167 spatium
2402 2104 2491 2147 xx

217 2170 492 2247 dierum,
541 2176 737 2253 prout
785 2189 904 2254 per
951 2170 1266 2254 scriptum
1319 2169 1474 2235 inde
1525 2170 1648 2235 sub
1696 2168 1911 2254 sigillo
1956 2171 2287 2235 communi
2336 2170 2495 2235 dicti

218 2276 430 2341 nuper
487 2256 891 2333 Monasterii,
948 2256 1175 2321 datum
1231 2266 1398 2321 xx¹¹²⁰
1454 2256 1563 2322 die
1622 2256 2018 2341 Septembris
2075 2277 2133 2321 a.
2191 2278 2239 2321 r.
2298 2258 2495 2342 Regis

218 2343 496 2408 Henrici
555 2358 692 2408 vm.
744 2343 1089 2421 tricesim0,
1139 2343 1396 2428 plenius
1456 2350 1742 2428 apparet,
1798 2344 1941 2419 viz„
1999 2344 2070 2407 in
2115 2343 2495 2409 allocutione

173 2436 182 2443 '
217 2429 596 2514 hujusmodi
647 2429 900 2495 duobus
958 2430 1142 2495 festis
1192 2431 1739 2496 Annuntiationis
1798 2435 1866 2495 et
1923 2430 2269 2495 Michaelis
2326 2431 2497 2495 infra

217 2525 480 2603 tempus
536 2517 734 2602 hujus
791 2518 1076 2602 compoti
1123 2517 1585 2595 accidentibus,
1645 2538 1681 2582 c
1699 2538 1747 2583 s.
1878 2516 1967 2581 Et
2024 2518 2094 2581 in
2153 2517 2495 2603 stipendiis

219 2604 458 2670 Clerici
477 2604 813 2669 Auditoris
843 2604 1183 2669 scribentis
1211 2605 1387 2669 hunc
1423 2611 1812 2690 compotum,
1834 2604 1919 2669 ad
1946 2604 1995 2668 ii
2012 2624 2057 2669 s.
2088 2624 2205 2689 per
2232 2625 2496 2683 annum,

217 2698 416 2776 prout
468 2690 734 2757 Clericis
783 2691 1214 2755 Auditoribus
1265 2692 1536 2756 Domini
1588 2692 1783 2776 Regis
1834 2692 2132 2758 Ducatus
2185 2692 2289 2756 sui
2335 2692 2496 2756 Lan-

220 2778 472 2843 castriae
523 2778 786 2843 allocari
837 2776 1174 2843 consuevit
1218 2778 1291 2842 in
1342 2778 1617 2863 singulis
1676 2779 1991 2863 compotis
2050 2779 2496 2844 ministrorum

218 2865 481 2943 ibidem,
507 2865 650 2943 viz„
679 2866 753 2929 in
781 2864 1164 2931 allocatione
1206 2865 1580 2949 hujusmodi
1621 2864 2111 2949 stipendiorum,
2139 2866 2495 2931 secundum

221 2952 495 3017 formam
525 2960 588 3017 et
621 2952 926 3017 effectum
953 2952 1163 3017 Actus
1188 2953 1627 3032 Parliamenti,
1656 2954 1779 3017 iis.
1954 2952 2225 3019 Summa
2253 2954 2339 3019 cii
2356 2973 2403 3018 s.

305 3090 746 3155 Liberationes
774 3096 842 3155 et
870 3091 1354 3156 exonerationes
1384 3090 1808 3156 denariorum.

301 3177 390 3242 Et
418 3178 492 3242 in
535 3177 816 3243 denariis
859 3176 1151 3243 liberatis
1195 3178 1524 3242 Leonardo
1570 3177 1893 3254 Bekwith,
1920 3176 2126 3255 Arm„
2153 3178 2497 3263 Receptori

217 3265 488 3329 Domini
516 3265 712 3350 Regis
756 3264 1166 3331 totius.Com.
1197 3265 1390 3329 Ebor.
1438 3264 1816 3349 supradicti,
1844 3265 1925 3329 de
1970 3275 2153 3348 parte
2198 3266 2495 3331 exituum

218 3352 592 3436 hujusmodi
619 3352 795 3428 anni,
824 3372 908 3416 ex
949 3352 1386 3436 recognitione
1427 3350 1635 3436 ipsius
1679 3352 2055 3436 Receptoris
2098 3372 2293 3438 super
2317 3352 2494 3420 hunc

217 3446 603 3524 compotum,
631 3440 750 3505 xix
769 3438 837 3503 li.
867 3439 983 3504 xvi
1005 3439 1066 3503 d.

303 3525 393 3591 Et
449 3532 751 3591 oneratur
807 3526 878 3589 in
937 3530 1234 3610 compoto
1293 3525 1587 3609 praedicti
1653 3524 2029 3609 Receptoris
2100 3546 2216 3610 pro
2288 3525 2493 3595 tantis

219 3612 500 3678 denariis
529 3632 644 3697 per
671 3632 880 3696 nuper
906 3613 1236 3678 Abbatem
1279 3620 1346 3678 et
1391 3613 1800 3677 Conventum
1835 3612 2081 3677 ibidem
2109 3614 2383 3698 receptis
2413 3615 2495 3680 de

217 3699 575 3765 redditibus
605 3707 673 3764 et
701 3700 904 3765 firmis
933 3700 1170 3764 debitis
1199 3700 1281 3764 ad
1311 3700 1556 3765 festum
1584 3700 1645 3765 S.
1677 3700 1949 3764 Martini
1978 3700 2047 3763 in
2078 3700 2313 3785 hyeme
2340 3708 2493 3768 ante

223 3787 710 3852 dissolutionem
737 3786 1176 3871 supradictam
1221 3807 1430 3871 nuper
1473 3787 1803 3851 Prioratus
1846 3785 1985 3873 [sio]
2030 3788 2201 3853 infra
2234 3796 2493 3874 tempus

221 3874 418 3958 hujus
446 3875 732 3959 compoti
759 3874 1077 3951 accidens,
1109 3874 1276 3938 xxiii
1293 3874 1359 3939 li.
1389 3874 1497 3939 iis.
1526 3874 1622 3939 vii
1643 3873 1702 3938 d.

1729 3960 1999 4027 Summa
2023 3961 2149 4027 xlii
2167 3962 2234 4028 li.
2264 3962 2336 4029 iv
2354 3984 2403 4029 s.

207 4104 218 4117 '
304 4106 573 4175 Summa
621 4108 1085 4174 allocutionum
1131 4114 1202 4174 et
1250 4108 1707 4175 liberationum
1752 4110 2207 4195 praedictarum
2240 4109 2409 4177 xlvii
2423 4112 2494 4178 li.

216 4198 282 4261 vi
299 4217 367 4276 e„
392 4216 541 4282 quse
589 4216 846 4261 summa
873 4194 1216 4281 cooequalis
1243 4204 1344 4263 est
1393 4219 1545 4263 cum
1594 4218 1850 4263 summa
1898 4198 2142 4263 Tota-lis
2191 4198 2493 4285 Receptae

219 4286 506 4369 superius
536 4288 604 4350 et
631 4290 944 4367 aequatur.

282 4420 302 4453 ¹
323 4420 454 4471 This
467 4435 624 4471 name
639 4420 687 4471 is
704 4418 1014 4484 differently
1029 4419 1173 4485 spelt
1193 4418 1304 4471 ‘unt
1411 4422 1512 4471 ton
1548 4435 1691 4471 seem
1730 4422 1789 4471 to
1831 4425 2053 4487 suggest
2095 4436 2204 4486 any
2239 4421 2493 4488 probabis

219 4486 404 4550 below,
432 4485 540 4537 and
570 4485 785 4537 neither
819 4484 1028 4537 Skaton
1049 4500 1111 4537 or
1143 4484 1180 4537 S
1221 4500 1300 4537 er·
1413 4484 1742 4552 place-name
1762 4491 1957 4553 except
1976 4488 2026 4538 it
2045 4486 2113 4538 be
2135 4486 2399 4541 Scawton.
