3075 5009
1195 527 1543 577 Armumx.
2388 514 2515 575 407

231 684 484 744 fuerunt
521 681 601 744 ad
647 682 1136 763 respondendum
1153 684 1384 745 Abbati
1409 684 1488 746 de
1515 684 1778 763 Ryvalle
1816 683 1893 745 de
1920 682 2143 763 placito
2174 702 2363 762 quare
2403 683 2521 763 ipsi

233 765 476 825 arbores
501 764 693 844 ipsius
718 764 994 840 Abbatis,
1027 765 1091 825 in
1124 766 1305 826 bosco
1331 785 1444 827 suo
1483 765 1561 827 de
1588 764 1954 845 Byldesdale
1982 772 2331 839 crescentes,
2365 765 2427 825 vi
2455 774 2520 826 et

233 845 418 907 armis
455 844 843 906 succiderunt
869 854 933 908 et
972 854 1455 926 asportaverunt,
1497 854 1563 908 et
1603 846 1723 907 alia
1758 846 2029 907 enormia
2066 846 2125 906 ei
2165 845 2391 907 ibidem
2431 847 2519 906 in-

233 925 523 1001 tulerunt,
568 925 647 987 ad
691 925 1024 1005 dampnum
1063 928 1254 1007 ipsius
1293 928 1553 989 Abbatis
1600 928 1809 990 decem
1848 928 2157 1002 librarum,
2203 935 2269 988 et
2307 934 2519 989 contra

233 1006 701 1168 pfffflffi
719 1007 1502 1173 ἓᾞέἒῗᾞὲἒωὲῑέἓῖἶῇ
1530 1017 2005 1151 ἓξΐῖῗὲξῖἒέᾞ
2017 1009 2521 1169 ξὲᾓέἳὲἒιξ

297 1168 572 1263 yll[arii]‚
601 1169 678 1230 A.
700 1168 774 1230 D.
807 1168 992 1250 Regis
1027 1136 1188 1231 nulio
1216 1171 1491 1251 septimo,
1521 1172 1586 1232 vi
1614 1111 1687 1233 ext²
1705 1172 1903 1247 armis,
1934 1170 2069 1245 viz„
2100 1190 2239 1232 cum
2280 1169 2515 1250 gladiis,

235 1250 481 1325 hachiis,
512 1250 768 1311 arcubus
809 1258 874 1311 et
913 1252 1170 1331 sagittis,
1201 1260 1502 1313 venerunt
1542 1252 1621 1314 ad
1660 1253 1909 1314 boscum
1936 1252 2124 1331 ipsius
2152 1251 2412 1313 Abbatis
2439 1251 2515 1312 de

234 1331 644 1411 Byldesdale,1
687 1340 752 1392 et
790 1331 1034 1393 arbores
1072 1334 1138 1393 in
1180 1333 1392 1394 eodem
1433 1334 1614 1394 bosco
1654 1341 1987 1395 crescentes
2029 1332 2414 1393 succiderunt
2456 1342 2521 1393 et

233 1419 716 1493 asportaverunt,
739 1421 952 1473 contra
965 1434 1170 1492 pacem
1195 1421 1337 1475 etc.:
1367 1414 1529 1475 unde
1551 1414 1701 1475 dicit
1716 1415 1881 1493 quod
1903 1414 2305 1475 deterioratus
2333 1421 2427 1474 est
2454 1424 2520 1475 et

234 1492 567 1574 dampnum
608 1493 798 1555 habet
834 1493 912 1554 ad
955 1494 1290 1555 valenciam
1329 1494 1538 1556 decem
1586 1495 1893 1569 librarum,
1939 1502 2005 1556 et
2044 1494 2188 1556 inde
2236 1494 2517 1573 producit

233 1582 462 1636 sectam
489 1584 602 1636 etc.
688 1573 771 1635 Et
800 1575 978 1637 Prior
1003 1584 1068 1636 et
1093 1575 1194 1636 alii
1217 1595 1328 1655 per
1353 1574 1747 1671 at[t]ornatos
1776 1595 1917 1637 suos
1942 1576 2201 1637 veniunt
2228 1585 2294 1635 et
2313 1574 2519 1636 defen·

232 1657 393 1718 dunt
413 1656 539 1717 vim
565 1664 630 1717 et
655 1656 717 1717 in
730 1656 960 1731 'ux-iam,
986 1656 1231 1736 quando
1259 1666 1324 1719 et
1348 1657 1640 1736 quicquid
1662 1666 1773 1719 etc.
1859 1656 1942 1718 Et
1962 1656 2177 1717 Frater
2202 1655 2246 1716 J
2248 1656 2518 1717 ohannes

232 1738 313 1800 de
353 1737 658 1816 Elveleye,
687 1676 1064 1799 vl'iuelmuff
1104 1738 1182 1800 de
1223 1737 1633 1817 Aykesheved
1673 1737 1949 1819 Rogerus
1988 1738 2047 1798 al
2085 1738 2274 1811 Punt‚
2304 1737 2515 1798 Simon

235 1820 396 1893 Stot,
424 1819 635 1881 Simon
665 1818 824 1880 filius
864 1820 1093 1894 Aliciae,
1127 1818 1432 1881 Walterus
1471 1819 1817 1898 At-ye-bek,
1848 1818 2181 1880 Nicholaus
2206 1818 2265 1879 le
2293 1816 2513 1897 Cuper,

235 1900 576 1963 Willelmus
619 1899 853 1980 Blayke
891 1902 970 1963 de
1018 1899 1363 1978 Bradefeld,
1407 1902 1561 1963 bene
1610 1900 1954 1962 defendunt
1995 1900 2159 1980 quod
2208 1899 2323 1979 ipsi
2365 1918 2517 1959 nun·

235 1981 1235 2141 Rfflzsffi32¹⁸13¹3fd33212¹²52222
1253 1982 1540 2125 “iffi
1574 1990 1900 2125 3⁹53?ss
1921 1980 2519 2124 “iossffflz’ssissz

234 2144 632 2219 succiderunt,
683 2162 794 2205 nec
848 2112 1330 2224 asportaverunt,
1382 2164 1493 2207 nec
1549 2144 1812 2224 aliquam
1868 2144 2405 2225 transgressionem
2462 2140 2518 2203 ei

235 2225 510 2286 fecerunt
549 2226 707 2285 sicut
733 2226 822 2285 eis
861 2226 1139 2305 imponit,
1169 2235 1233 2287 et
1261 2232 1500 2306 ponunt
1523 2246 1589 2287 se
1632 2244 1813 2305 super
1838 2225 2113 2305 patriam.
2198 2224 2283 2285 Et
2308 2223 2518 2285 Abbas

235 2305 529 2367 similiter.
616 2305 766 2367 Ideo
793 2306 902 2366 fiat
943 2306 1086 2367 inde
1127 2308 1332 2386 J'urata
1357 2314 1470 2369 etc.
1558 2306 1641 2367 Et
1680 2306 1859 2368 Prior
1885 2313 1949 2367 et
1976 2306 2095 2381 alii,
2127 2326 2237 2385 per
2277 2302 2519 2446 atiphr-

234 2394 450 2449 natum
477 2405 672 2461 suum,
697 2388 954 2449 veniunt
981 2396 1044 2449 et
1071 2388 1224 2449 bene
1252 2396 1623 2468 cognoscunt
1648 2386 1814 2467 quod
1841 2387 1977 2469 ipsi,
2009 2388 2298 2466 praedicto
2370 2386 2425 2447 ie
2453 2392 2519 2447 et

235 2487 411 2542 anno,
441 2476 743 2531 venerunt
782 2468 861 2530 ad
902 2468 1259 2548 praedictum
1289 2470 1554 2543 boscum,
1586 2468 1691 2529 sed
1732 2487 1858 2529 non
1899 2475 2111 2529 contra
2150 2486 2357 2547 pacem
2401 2474 2511 2528 etc.

235 2550 316 2608 Et
353 2548 570 2611 dicunt
613 2549 778 2629 quod
825 2549 1150 2629 praedictus
1197 2550 1412 2610 boscus
1452 2560 1545 2611 est
1591 2549 1809 2611 boscus
1857 2548 2130 2629 praedicti
2177 2547 2406 2609 Prioris
2453 2554 2518 2609 et

236 2629 516 2691 Ecclesiae
555 2650 693 2705 suae,
724 2632 788 2690 in
831 2650 953 2710 quo
981 2630 1230 2710 quidem
1271 2632 1450 2691 bosco
1490 2630 1817 2709 praedictus
1844 2630 2052 2691 Abbas
2093 2628 2285 2690 nichil
2311 2627 2515 2701 habet,

235 2710 354 2771 nisi
379 2711 803 2773 tantummodo
831 2711 1214 2773 rationabilia
1255 2712 1557 2773 estoveria
1596 2732 1719 2787 sua,
1756 2720 1823 2773 et
1848 2730 2229 2772 communam
2256 2718 2517 2789 pasturae

233 2811 358 2852 suae
384 2792 449 2853 in
477 2791 706 2853 eodem.
793 2792 877 2853 Et
902 2794 979 2854 de
1009 2794 1122 2854 hoc
1148 2792 1324 2871 ponit
1349 2813 1412 2854 se
1441 2812 1625 2873 super
1650 2792 1927 2874 patriam.
2013 2790 2097 2852 Et
2125 2792 2332 2853 Abbas
2358 2790 2521 2851 simi-

233 2872 388 2935 liter.
461 2872 610 2935 Ideo
637 2874 745 2934 fiat
771 2873 914 2936 inde
940 2876 1146 2953 jurata
1171 2883 1284 2937 etc.

317 3038 412 3097 90.
458 3033 692 3117 [Assise
732 3033 915 3097 Rolls.
1004 3035 1185 3098 Ebor.
1272 3038 1310 3095 8
1350 3034 1517 3097 Edw.
1552 3050 1591 3095 1.
1624 3034 1859 3117 [1280]‚
1892 3034 1968 3095 N.
2005 3038 2055 3095 1.
2097 3036 2250 3107 12-1,
2282 3032 2324 3094 f.
2359 3030 2521 3113 461³]

233 3116 576 3177 Willelmus
615 3116 794 3177 Prior
833 3116 912 3179 de
947 3116 1280 3195 Kyrcham‚
1325 3116 1543 3177 Frater
1586 3115 1623 3177 ,J
1632 3116 1902 3177 ohannes
1941 3114 2020 3177 de
2063 3114 2370 3193 Elveleye,
2400 3120 2513 3175 etc.

233 3198 323 3279 [as
367 3198 434 3259 in
473 3197 590 3259 No.
637 3200 731 3272 89,
763 3198 897 3259 with
936 3200 1320 3279 unimportant
1353 3198 1749 3258 variationem
1774 3196 2027 3277 spellinq,
2072 3194 2195 3278 etc]
2226 3203 2291 3256 et
2332 3194 2515 3274 Hugo

233 3279 394 3339 filius
447 3278 764 3340 Michaelis
818 3278 921 3340 del
972 3280 1159 3341 Munt
1211 3278 1530 3340 attachiati
1585 3278 1839 3340 fuerunt
1890 3276 1969 3339 ad
2024 3275 2515 3356 respondendum

229 3358 460 3421 Abbati
487 3360 565 3421 de
594 3359 848 3439 Ryvalle
877 3361 954 3421 de
982 3360 1220 3440 placito,
1244 3379 1448 3440 quare,
1479 3379 1619 3420 cum
1644 3360 1809 3420 idem
1836 3358 2045 3419 Abbas
2071 3356 2347 3418 homines
2374 3375 2515 3417 suos

229 3460 364 3501 cum
407 3441 592 3501 carris
619 3440 698 3502 ad
739 3443 985 3503 boscum
1013 3460 1188 3502 suum
1231 3440 1309 3503 de
1339 3440 1681 3502 Bildesdale
1708 3440 1787 3502 ad
1828 3437 2211 3501 carr-iandum
2253 3456 2517 3497 maerem-

231 3523 362 3583 ium
408 3528 474 3582 et
511 3522 758 3583 buscam
797 3521 876 3583 ad
916 3522 1232 3602 grangiam
1271 3521 1460 3601 ipsius
1501 3520 1760 3583 Abbatis
1801 3520 1865 3581 in
1911 3517 2277 3599 Byldesdale
2324 3536 2519 3596 nuper

233 3602 514 3677 misisset,
543 3622 614 3664 ac
653 3602 838 3664 iidem
885 3602 1161 3663 homines
1201 3602 1442 3665 eosdem
1485 3622 1685 3664 carros
1726 3600 1805 3663 de
1844 3600 2061 3662 iisdem
2107 3597 2411 3661 maeremio
2454 3606 2517 3659 et

234 3686 418 3745 busca
443 3692 796 3759 carcassent,
827 3692 892 3744 et
917 3704 1020 3745 eos
1047 3684 1128 3745 ad
1154 3685 1465 3764 grangiam
1506 3683 1859 3763 praedictam
1886 3681 2133 3743 duxisse
2161 3680 2513 3752 voluissent,

233 3765 474 3845 praefati
492 3765 668 3827 Prior
685 3774 747 3827 et
763 3764 865 3826 alii
881 3765 948 3825 in
963 3765 1126 3845 ipsos
1145 3765 1609 3839 homines,infra
1626 3774 1849 3828 terram
1868 3763 2057 3844 ipsius
2066 3762 2343 3835 Abbatis,
2356 3760 2517 3841 apud

235 3844 554 3926 Huehyrst
579 3846 644 3908 in
673 3846 1051 3925 Byldesdale‚
1083 3846 1147 3907 vi
1180 3856 1244 3908 et
1269 3846 1453 3907 armis
1492 3846 1789 3907 insultum
1816 3846 2107 3917 fecerunt,
2138 3852 2203 3905 et
2228 3844 2413 3905 boves
2454 3849 2520 3901 ct

233 3947 434 3989 ‹zat-ros
461 3928 782 4007 praedictos
809 3937 1074 3989 carcatos
1101 3935 1412 4007 ceperunt,
1441 3933 1507 3988 et
1531 3946 1635 3988 eos
1662 3946 1851 4005 usque
1878 3925 2215 3986 manerium
2244 3921 2517 4003 praedicti

237 4008 462 4069 Prioris
501 4009 569 4069 in
609 4008 972 4088 Byldesdale
1013 4008 1342 4082 duxerunt,
1387 4016 1452 4069 et
1491 4028 1601 4087 per
1636 4007 1845 4069 decem
1886 4007 2253 4083 septimanas
2292 4002 2519 4064 ibidem

233 4089 647 4166 detinuerunt,
673 4099 737 4151 et
761 4109 898 4151 cum
924 4090 1118 4152 bobus
1145 4089 1266 4150 illis
1295 4098 1520 4151 terram
1549 4090 1741 4169 ipsius
1760 4087 1987 4148 Prioris
2009 4084 2203 4147 excoli
2222 4085 2516 4158 fecerunt,

233 4179 301 4231 et
338 4170 458 4231 alia
497 4172 768 4233 enormia
808 4171 864 4232 ei
905 4170 1264 4247 intulerunt,
1303 4170 1380 4231 ad
1421 4170 1755 4249 dampnum
1794 4168 1985 4247 ipsius
2012 4165 2271 4227 Abbatis
2300 4164 2521 4243 viginti

236 4252 546 4327 librarum,
595 4260 660 4315 et
702 4261 914 4314 contra
961 4270 1170 4332 pacem
1224 4260 1334 4313 etc.
1368 4276 1382 4315 :
1431 4260 1496 4313 et
1543 4250 1706 4312 unde
1755 4248 2079 4330 praedictus
2130 4245 2352 4319 Abbas,
2411 4263 2523 4322 per

233 4332 666 4416 at[t]ornatum
707 4353 900 4407 suum,
933 4332 1210 4412 queritur
1250 4352 1388 4395 cum
1431 4332 1595 4393 idem
1627 4331 1833 4393 Abbas
1875 4329 2151 4390 homines
2192 4334 2327 4401 etc„
2356 4346 2519 4400 suos,

233 4434 374 4477 cum
413 4415 614 4489 carris,
644 4414 723 4476 ad
751 4414 1110 4493 praedictum
1141 4416 1391 4477 boscum
1417 4434 1597 4476 suum
1625 4414 1701 4475 ad
1744 4410 2094 4474 cariandum
2134 4407 2279 4469 inde
2320 4426 2521 4469 msere-

366 4520 384 4553 ¹
419 4520 658 4573 writoen
683 4520 1012 4586 Kyldesdale.
1301 4522 1322 4554 ²
1355 4522 1632 4573 mearam.
2000 4516 2023 4550 ⁸
2056 4514 2387 4582 Kyldoedale.
