3075 5009
1232 503 1577 554 APPENDIX.
2420 492 2458 549 4
2468 491 2497 549 l
2514 492 2541 550 l

270 655 571 736 prodesse,
630 664 695 720 et
748 657 929 720 dictis
982 660 1415 722 mercatoribus
1470 668 1535 724 et
1589 681 1800 724 eorum
1853 661 2030 724 sociis
2082 681 2152 722 ac
2204 659 2548 722 haeredibus

269 757 501 814 nocere,
532 738 630 800 vel
659 758 795 819 quae
837 749 1087 820 possent
1112 741 1296 821 objici
1337 750 1550 804 contra
1589 743 1912 822 proemissa.
1998 741 2300 804 Volumus
2339 750 2546 802 autem

267 839 453 899 super
471 819 793 900 praemissis
820 821 1119 897 omnibus,
1138 823 1384 885 nomine
1410 832 1622 885 nostro
1643 831 1708 886 et
1725 823 2084 885 Monastexii
2101 825 2295 885 nostri
2315 843 2354 883 a
2368 823 2548 884 dictis

268 901 723 976 mercatoribus,
754 901 852 962 vel
879 902 958 963 ab
984 921 1108 964 uno
1137 924 1363 978 eorum,
1394 911 1505 966 aut
1530 924 1740 966 eorum
1767 905 2000 979 nuntio,
2025 904 2090 966 in
2117 905 2284 965 omni
2310 904 2442 965 loco
2483 911 2548 966 et

267 1001 470 1043 coram
512 1001 875 1062 quocunque
915 983 1119 1064 judice
1146 984 1336 1047 libere
1362 986 1636 1061 conveni,
1667 993 1732 1047 et
1757 985 1835 1047 ad
1863 985 2160 1066 judicium
2201 984 2376 1046 trahi.
2464 984 2547 1045 Et

266 1063 527 1142 quilibet
541 1063 839 1126 dictorum
856 1074 1258 1127 mercatorum
1273 1067 1342 1127 in
1358 1065 1638 1142 solidum,
1659 1066 1758 1129 vel
1773 1074 2128 1146 procurator
2140 1066 2321 1128 unius
2338 1085 2546 1128 eorum

267 1151 473 1224 potest
518 1165 555 1206 a
600 1145 778 1207 nobis
824 1154 1029 1225 petere
1078 1155 1143 1208 et
1187 1146 1453 1227 recipere
1500 1168 1570 1208 ac
1611 1148 1852 1227 exigere
1895 1168 2034 1209 cum
2081 1148 2298 1209 effectu
2344 1154 2546 1208 totum

268 1225 503 1287 dictum
523 1225 798 1288 debitum
818 1227 949 1289 sine
969 1229 1391 1307 procuratione
1408 1229 1665 1290 aliorum
1681 1229 1980 1291 sociorum
2001 1248 2265 1290 suorum.
2325 1227 2548 1290 Omnia

268 1313 477 1368 autem
522 1307 873 1388 supradicta
919 1318 985 1369 et
1025 1308 1266 1390 singula
1310 1311 1558 1371 nomine
1598 1319 1810 1371 nostro
1851 1317 1916 1370 et
1955 1309 2313 1371 Monasterii
2353 1308 2544 1370 nostri

268 1387 683 1468 promittimus
710 1389 871 1450 bona
897 1388 1033 1464 fide,
1064 1389 1129 1451 in
1158 1390 1344 1452 verbo
1371 1392 1661 1464 caritatis,
1689 1391 1944 1453 firmiter
1971 1399 2194 1465 tenere,
2225 1391 2546 1452 observare

271 1478 337 1530 et
364 1469 711 1550 adimplere,
743 1491 813 1530 ac
841 1470 906 1530 in
933 1471 1101 1533 nullo
1144 1473 1576 1534 contravenire.
1660 1471 1744 1532 Et
1783 1471 2096 1534 sciendum
2123 1481 2218 1533 est
2244 1469 2408 1551 quod
2435 1489 2546 1532 nos

267 1550 451 1612 dictis
490 1551 924 1612 mercatoribus
964 1552 1029 1612 in
1070 1552 1287 1630 majori
1329 1573 1564 1615 summa
1602 1573 1713 1633 per
1750 1553 1870 1614 alia
1907 1553 2132 1633 scripta
2171 1552 2543 1625 tenebamur,

269 1651 405 1712 quae
448 1632 675 1713 scripta
791 1653 899 1694 nes
926 1652 1038 1695 nos
1064 1633 1371 1696 habemus.
1458 1634 1542 1696 Et
1567 1633 1766 1695 adhuc
1792 1633 1974 1696 dictis
2000 1634 2433 1696 mercatoribus
2461 1653 2548 1694 re-

268 1732 583 1776 manemus
630 1714 710 1775 ob
732 1713 880 1794 igati
925 1714 991 1775 in
1040 1715 1205 1776 dicta
1244 1735 1483 1777 summa
1526 1716 1682 1777 lanae
1721 1723 1786 1778 et
1828 1715 2114 1795 pecuniae,
2163 1716 2323 1777 sicut
2361 1714 2548 1776 conti-

268 1802 452 1856 netur
492 1795 557 1855 in
597 1793 715 1856 hiis
755 1795 979 1858 litteris
1018 1795 1411 1875 obligatoriia
1442 1805 1515 1858 ut
1555 1796 1909 1876 praedictum
1951 1803 2060 1858 est.
2147 1795 2222 1858 In
2251 1796 2426 1876 cujus
2457 1797 2546 1856 rei

268 1875 689 1938 testimonium
730 1875 993 1955 sigillum
1034 1886 1311 1940 nostrum
1352 1878 1751 1957 praesentibus
1799 1887 1896 1940 est
1941 1895 2290 1958 appensum.
2399 1877 2541 1938 Dat.

266 1956 469 2032 Ebor.,
499 1955 599 2017 die
641 1955 959 2018 Dominica
1004 1959 1352 2037 proximum
1500 1966 1531 2019 t
1569 1959 1792 2021 festum
1835 1959 2125 2020 Omnium
2165 1957 2543 2030 Sanctorum,

267 2036 342 2098 A.
369 2036 447 2100 D.
476 2037 571 2098 Μο
586 2047 675 2099 cc⁰
688 2039 1131 2120 septuagesimo
1150 2059 1329 2102 nono.
1392 1981 1828 2120 ffpraedicms
1854 2040 2062 2102 Abbas
2091 2039 2368 2102 concedit
2381 2039 2547 2118 quod

267 2119 387 2179 nisi
432 2119 685 2180 solverit
729 2119 1081 2199 praedictam
1121 2123 1441 2202 pecuniam
1488 2121 1568 2182 ad
1605 2122 1935 2182 terminum
1977 2121 2350 2202 praedictum,
2382 2119 2547 2202 quod

268 2199 616 2261 vicecomes
658 2201 789 2262 fieri
843 2200 1027 2263 faciat
1071 2203 1149 2263 de
1198 2203 1378 2264 terris
1432 2213 1498 2264 et
1551 2203 1783 2264 catallis
1838 2203 1965 2262 suis
2020 2211 2086 2264 et
2139 2221 2546 2264 successorum

264 2300 515 2342 suorum
544 2289 653 2344 etc.

350 2451 446 2512 92.
494 2447 727 2531 [Assise
749 2450 938 2512 Rolls.
1028 2451 1210 2514 Ebor.
1304 2455 1383 2516 20
1407 2453 1576 2514 Edw.
1611 2468 1652 2515 1.
1719 2450 1922 2546 1293}
1952 2451 2030 2512 N.
2068 2455 2120 2526 1,
2158 2455 2310 2527 13·3,
2342 2452 2385 2514 f.
2420 2451 2546 2536 26.]

264 2529 567 2606 Johanna,
600 2551 735 2610 quae
762 2532 883 2593 fuit
908 2553 1067 2594 uxor
1094 2533 1357 2596 Gilberti
1388 2533 1642 2596 Haunsa
1715 2581 1730 2608 ,
1776 2542 1932 2614 petit
1959 2552 2166 2594 versus
2201 2533 2245 2595 J
2246 2532 2548 2594 ohannem

263 2612 343 2674 de
362 2611 565 2692 Lythe
639 2632 779 2674 enes
800 2621 865 2674 et
890 2613 1165 2689 Aliciam,
1196 2634 1449 2677 uxorem
1471 2617 1622 2695 ejus,
1653 2615 1899 2676 tertiam
2004 2621 2162 2675 rtem
2187 2615 2440 2675 manerii
2469 2613 2545 2675 de

266 2693 493 2774 Magna
595 2693 915 2773 yrkeshale
940 2718 957 2770 ;
996 2704 1062 2756 et
1086 2715 1297 2758 versus
1316 2697 1625 2759 Abbatem
1646 2696 1724 2758 de
1750 2695 1930 2775 Ryva
1954 2695 2009 2757 le
2039 2694 2282 2756 tertiam
2311 2704 2544 2774 partem

268 2775 539 2854 piscariae
558 2775 622 2835 in
652 2775 785 2855 ripa
810 2775 888 2838 de
916 2776 1127 2856 Teyse,
1158 2796 1351 2857 usque
1378 2778 1457 2840 ad
1485 2778 1658 2838 filum
1685 2796 1856 2856 aquae
1884 2797 1921 2838 a
1947 2785 2164 2856 stagno
2191 2775 2542 2852 molendini,

266 2855 779 2998 peliiaduastleucas
809 2857 1188 3000 ascgngendo
1223 2867 1289 2921 et
1332 2859 1483 3001 gilas
1526 2859 1758 3002 ῙΘέιῦεξῖιιῗθ
1760 2856 2224 3001 1dssescleliid01183lod
2230 2857 2544 3000 inteelatdem

266 2957 325 2997 vi
437 2961 452 2998 :
521 2956 555 2998 e
638 2957 852 2999 versus
950 2959 987 3000 o
1031 2959 1267 3014 aunem,
1398 2960 1523 3002 ium
1639 2961 1658 3001 1
1820 2959 1845 3000 1
1961 2957 2082 3000 aun
2227 2985 2243 3012 ,
2424 2959 2546 3000 iam

264 3027 503 3098 partem
541 3018 731 3080 trium
768 3031 1183 3082 carucatarum
1224 3030 1419 3096 terrae,
1448 3023 1670 3102 viginti
1717 3039 1990 3082 acrarum
2031 3021 2208 3100 prati,
2253 3029 2318 3082 et
2362 3020 2547 3099 quad-

266 3099 507 3181 raginta
555 3099 949 3162 solidatorum
999 3101 1277 3164 redditus
1332 3150 1346 3164 .
1408 3148 1424 3164 .
1480 3149 1497 3166 .
1555 3104 1619 3163 in
1663 3102 1958 3180 Horneby
1999 3109 2066 3164 et
2118 3101 2545 3181 Thorp-rawe3

265 3188 331 3242 et
376 3201 589 3242 versus
635 3181 996 3258 Gilbertum,
1054 3183 1249 3245 filium
1302 3183 1567 3246 Gilberti
1617 3183 1958 3259 Haunsard,
2009 3183 2254 3244 tertiam
2309 3191 2544 3263 partem

263 3261 485 3404 vigilii-{i
525 3262 1139 3407 bovatarumfllzenaei)
1159 3264 1338 3407 unius
1377 3265 1710 3407 momnd'liff
1751 3273 1816 3326 et
1855 3264 2118 3407 trigingl
2151 3263 2544 3406 solidrfflm

263 3363 840 3407 relus...1n
948 3365 1095 3407 orne
1206 3366 1564 3408 ·eversus
1701 3365 2018 3407 omame
2121 3365 2240 3406 aris
2409 3365 2545 3406 ius

264 3423 510 3486 tertiam
538 3434 773 3505 partem
814 3447 923 3488 sex
952 3367 1347 3488 solidassrum
1388 3436 1453 3488 et
1493 3435 1631 3488 octo
1658 3426 2044 3488 denariorum
2083 3425 2362 3488 redditus
2402 3473 2417 3488 .
2462 3473 2477 3487 .
2525 3471 2540 3487 .

262 3507 328 3567 in
372 3504 831 3584 Landemoth03
872 3515 936 3568 et
975 3527 1186 3569 versus
1226 3509 1535 3589 Rogemm
1575 3509 1652 3569 de
1693 3508 1997 3588 Moubray
2023 3507 2268 3570 tertiam
2309 3515 2540 3587 partem

262 3586 474 3649 decem
519 3595 924 3650 marcatarum
972 3588 1249 3650 redditus
1290 3637 1304 3652 .
1356 3636 1369 3650 .
1416 3635 1429 3651 .
1474 3591 1540 3650 in
1588 3588 1830 3664 Thirsk,
1889 3597 1960 3650 ut
2007 3587 2216 3650 dotem
2264 3595 2376 3649 etc.
2461 3587 2546 3649 Et

262 3667 489 3743 Abbas,
520 3677 585 3730 et
612 3689 821 3731 omnes
848 3669 951 3731 alii
978 3680 1201 3750 praeter
1227 3670 1588 3750 praedictum
1606 3670 1650 3732 J
1651 3669 1952 3732 ohannem
1978 3668 2058 3730 de
2084 3668 2546 3750 Lytbegreynes

264 3757 329 3810 et
360 3749 637 3824 Aliciam,
668 3770 919 3812 uxorem
963 3753 1113 3831 ejus»,
1145 3753 1437 3814 veniunt:
1479 3751 1564 3813 Et
1589 3751 1797 3813 Abbas
1824 3749 1901 3812 de
1942 3751 2308 3813 tenementis
2334 3770 2544 3812 versus

260 3850 404 3891 eum
432 3831 640 3910 petitis
659 3831 811 3894 dicit
830 3833 993 3912 quod
1021 3835 1153 3915 ipsa
1172 3853 1295 3895 non
1318 3833 1503 3895 debet
1521 3832 1664 3894 inde
1687 3833 1894 3894 dotem
1921 3831 2144 3894 habere
2167 3855 2182 3894 ε
2211 3831 2361 3894 dicit
2381 3831 2544 3895 enim

261 3911 427 3990 quod
444 3911 769 3990 praedictus
780 3913 1107 3990 Gilbertus,
1120 3913 1425 3994 quondam
1446 3915 1542 3975 vir
1556 3913 1746 3993 ipsius
1761 3913 2078 3987 «Iohannis,
2090 3913 2198 3974 diu
2215 3922 2542 3993 antequam

260 3991 653 4072 desponsavit
690 3993 1043 4074 praedictam
1078 3995 1443 4069 Johannam,
1486 3996 1762 4057 feoffavit
1786 3993 2091 4074 quondam
2119 3995 2425 4056 Abbatem
2465 3993 2545 4056 de

262 4073 540 4153 Ryvalle,
568 4073 1065 4154 praedecessorem
1094 4077 1268 4138 istius
1293 4075 1572 4151 Abbatis‚
1603 4075 1680 4138 de
1752 4075 2010 4137 raedictis
2039 4075 2402 4137 tenementis
2428 4083 2540 4137 etc.

262 4155 351 4215 ita
387 4154 553 4233 quod
590 4155 752 4217 idem
793 4155 1123 4231 Gilbertus‚
1154 4157 1253 4218 die
1295 4177 1415 4236 quo
1455 4158 1651 4238 ipsam
1687 4097 2096 4237 desponsavit,
2125 4177 2234 4218 nec
2275 4175 2542 4236 unquam

262 4243 491 4316 postea,
508 4235 633 4297 fuit
648 4236 712 4297 in
734 4238 956 4299 seisina
970 4238 1045 4300 de
1063 4238 1351 4319 praedicta
1372 4239 1644 4320 piscaria,
1664 4247 1738 4300 ut
1753 4238 1828 4300 de
1847 4237 2044 4311 secde,
2062 4238 2151 4299 ita
2168 4238 2332 4317 quod
2348 4238 2542 4318 ipsam

258 4316 473 4379 dotare
488 4318 717 4396 potuit:
747 4318 905 4380 etde
926 4319 1039 4381 hoc
1057 4320 1231 4399 ponit
1246 4341 1309 4382 se
1327 4341 1509 4399 super
1526 4321 1799 4401 patriam.
1847 4319 1930 4379 Et
1943 4319 1987 4381 J
1989 4318 2229 4380 ohanna
2245 4319 2537 4380 similiter.

261 4397 411 4459 Ideo
440 4399 549 4459 fiat
587 4398 729 4460 inde
770 4401 989 4480 jurata.
1077 4402 1313 4476 Postea,
1346 4401 1637 4482 praedicta
1677 4401 1721 4462 J
1722 4401 1964 4462 ohanna
2009 4400 2196 4460 habet
2237 4398 2538 4461 licentiam

260 4479 583 4542 recedendi
624 4479 701 4542 de
730 4481 901 4543 brevi
942 4501 1053 4544 suo
1094 4483 1172 4544 ad
1213 4483 1567 4544 instantiam
1595 4481 1948 4562 Guychardi
1989 4481 2066 4543 de
2105 4481 2378 4544 Charton
2425 4490 2538 4543 etc.
