<?xml version="1.0" encoding="UTF-8"?>
<!DOCTYPE html PUBLIC "-//W3C//DTD XHTML 1.0 Transitional//EN"
    "http://www.w3.org/TR/xhtml1/DTD/xhtml1-transitional.dtd">
<html xmlns="http://www.w3.org/1999/xhtml" xml:lang="en" lang="en">
 <head>
  <title>
</title>
<meta http-equiv="Content-Type" content="text/html;charset=utf-8" />
  <meta name='ocr-system' content='tesseract 3.04.00' />
  <meta name='ocr-capabilities' content='ocr_page ocr_carea ocr_par ocr_line ocrx_word'/>
</head>
<body>
  <div class='ocr_page' id='page_1' title='image "./cartulariumabba00atkigoog_0531.png"; bbox 0 0 3075 5009; ppageno 0'>
   <div class='ocr_carea' id='block_1_1' title="bbox 562 395 2181 454">
    <p class='ocr_par' dir='ltr' id='par_1_1' title="bbox 562 395 2181 454">
     <span class='ocr_line' id='line_1_1' title="bbox 562 395 2181 454; baseline -0.002 0"><span class='ocrx_word' id='word_1_1' title='bbox 562 395 687 454; x_wconf 79' lang='lat'><strong>408</strong></span> <span class='ocrx_word' id='word_1_2' title='bbox 1214 403 1586 453; x_wconf 70' lang='lat' dir='ltr'><strong>oARTuLAm</strong></span> <span class='ocrx_word' id='word_1_3' title='bbox 1593 403 1690 453; x_wconf 78' lang='lat' dir='ltr'><strong>tm</strong></span> <span class='ocrx_word' id='word_1_4' title='bbox 1717 403 2084 452; x_wconf 64' lang='lat' dir='ltr'>111me</span> <span class='ocrx_word' id='word_1_5' title='bbox 2087 403 2181 451; x_wconf 71' lang='lat'><strong>813.</strong></span> 
     </span>
    </p>
   </div>
   <div class='ocr_carea' id='block_1_2' title="bbox 543 559 2856 4461">
    <p class='ocr_par' dir='ltr' id='par_1_2' title="bbox 547 559 2856 2734">
     <span class='ocr_line' id='line_1_2' title="bbox 556 559 2856 642; baseline 0 -20"><span class='ocrx_word' id='word_1_6' title='bbox 556 561 748 622; x_wconf 86' lang='lat' dir='ltr'><strong>mium</strong></span> <span class='ocrx_word' id='word_1_7' title='bbox 776 569 841 623; x_wconf 88' lang='lat' dir='ltr'><strong>et</strong></span> <span class='ocrx_word' id='word_1_8' title='bbox 867 561 1112 622; x_wconf 76' lang='lat' dir='ltr'><strong>busoam</strong></span> <span class='ocrx_word' id='word_1_9' title='bbox 1138 560 1217 622; x_wconf 76' lang='lat' dir='ltr'><strong>ad</strong></span> <span class='ocrx_word' id='word_1_10' title='bbox 1244 559 1598 642; x_wconf 76' lang='lat' dir='ltr'><strong>praedietam</strong></span> <span class='ocrx_word' id='word_1_11' title='bbox 1625 560 1939 640; x_wconf 70' lang='lat' dir='ltr'><strong>grangiam</strong></span> <span class='ocrx_word' id='word_1_12' title='bbox 1965 560 2158 640; x_wconf 87' lang='lat' dir='ltr'><strong>ipsius</strong></span> <span class='ocrx_word' id='word_1_13' title='bbox 2183 559 2448 622; x_wconf 73' lang='lat' dir='ltr'><strong>Abbatis</strong></span> <span class='ocrx_word' id='word_1_14' title='bbox 2483 559 2569 623; x_wconf 88' lang='lat' dir='ltr'><strong>de</strong></span> <span class='ocrx_word' id='word_1_15' title='bbox 2597 560 2856 640; x_wconf 79' lang='lat' dir='ltr'><strong>Byldes-</strong></span> 
     </span>
     <span class='ocr_line' id='line_1_3' title="bbox 556 641 2854 722; baseline -0 -19"><span class='ocrx_word' id='word_1_16' title='bbox 556 642 710 716; x_wconf 75' lang='lat' dir='ltr'><strong>dale,</strong></span> <span class='ocrx_word' id='word_1_17' title='bbox 755 642 856 705; x_wconf 90' lang='lat' dir='ltr'><strong>die</strong></span> <span class='ocrx_word' id='word_1_18' title='bbox 896 642 1116 704; x_wconf 78' lang='lat' dir='ltr'><strong>Martis</strong></span> <span class='ocrx_word' id='word_1_19' title='bbox 1159 642 1507 722; x_wconf 85' lang='lat' dir='ltr'><strong>proximum</strong></span> <span class='ocrx_word' id='word_1_20' title='bbox 1550 650 1688 722; x_wconf 85' lang='lat' dir='ltr'><strong>post</strong></span> <span class='ocrx_word' id='word_1_21' title='bbox 1733 641 1961 703; x_wconf 84' lang='lat' dir='ltr'><strong>festum</strong></span> <span class='ocrx_word' id='word_1_22' title='bbox 2009 641 2068 702; x_wconf 90' lang='lat' dir='ltr'><strong>S.</strong></span> <span class='ocrx_word' id='word_1_23' title='bbox 2119 641 2403 720; x_wconf 77' lang='lat' dir='ltr'><strong>Hyllarii,</strong></span> <span class='ocrx_word' id='word_1_24' title='bbox 2447 641 2544 702; x_wconf 73' lang='grc' dir='ltr'><strong>Αο</strong></span> <span class='ocrx_word' id='word_1_25' title='bbox 2583 642 2854 704; x_wconf 88' lang='lat' dir='ltr'><strong>Domino</strong></span> 
     </span>
     <span class='ocr_line' id='line_1_4' title="bbox 556 722 2851 804; baseline 0 -18"><span class='ocrx_word' id='word_1_26' title='bbox 556 723 743 804; x_wconf 83' lang='lat' dir='ltr'><strong>Regis</strong></span> <span class='ocrx_word' id='word_1_27' title='bbox 783 742 946 785; x_wconf 85' lang='lat' dir='ltr'><strong>nune</strong></span> <span class='ocrx_word' id='word_1_28' title='bbox 985 723 1263 803; x_wconf 86' lang='lat' dir='ltr'><strong>septimo,</strong></span> <span class='ocrx_word' id='word_1_29' title='bbox 1292 723 1573 799; x_wconf 77' lang='lat' dir='ltr'><strong>misisset,</strong></span> <span class='ocrx_word' id='word_1_30' title='bbox 1619 729 1684 785; x_wconf 90' lang='lat' dir='ltr'><strong>et</strong></span> <span class='ocrx_word' id='word_1_31' title='bbox 1721 722 1908 784; x_wconf 89' lang='lat' dir='ltr'><strong>iidem</strong></span> <span class='ocrx_word' id='word_1_32' title='bbox 1953 722 2232 784; x_wconf 85' lang='lat' dir='ltr'><strong>homines</strong></span> <span class='ocrx_word' id='word_1_33' title='bbox 2275 723 2562 803; x_wconf 86' lang='lat' dir='ltr'><strong>ejusdem</strong></span> <span class='ocrx_word' id='word_1_34' title='bbox 2587 723 2851 786; x_wconf 72' lang='lat' dir='ltr'><strong>Abbatis</strong></span> 
     </span>
     <span class='ocr_line' id='line_1_5' title="bbox 554 803 2846 884; baseline 0.001 -18"><span class='ocrx_word' id='word_1_35' title='bbox 554 805 708 866; x_wconf 90' lang='lat' dir='ltr'><strong>duos</strong></span> <span class='ocrx_word' id='word_1_36' title='bbox 750 825 951 866; x_wconf 74' lang='lat' dir='ltr'><strong>ean-os</strong></span> <span class='ocrx_word' id='word_1_37' title='bbox 990 804 1264 884; x_wconf 85' lang='lat' dir='ltr'><strong>ejusdem</strong></span> <span class='ocrx_word' id='word_1_38' title='bbox 1304 805 1383 866; x_wconf 90' lang='lat' dir='ltr'><strong>de</strong></span> <span class='ocrx_word' id='word_1_39' title='bbox 1422 803 1729 865; x_wconf 83' lang='lat' dir='ltr'><strong>maeremio</strong></span> <span class='ocrx_word' id='word_1_40' title='bbox 1770 814 1835 865; x_wconf 87' lang='lat' dir='ltr'><strong>et</strong></span> <span class='ocrx_word' id='word_1_41' title='bbox 1875 805 2060 864; x_wconf 84' lang='lat' dir='ltr'><strong>buseo</strong></span> <span class='ocrx_word' id='word_1_42' title='bbox 2101 803 2316 866; x_wconf 88' lang='lat' dir='ltr'><strong>eodem</strong></span> <span class='ocrx_word' id='word_1_43' title='bbox 2353 804 2456 868; x_wconf 88' lang='lat' dir='ltr'><strong>die</strong></span> <span class='ocrx_word' id='word_1_44' title='bbox 2483 816 2846 878; x_wconf 68' lang='lat' dir='ltr'><strong>carcassent,</strong></span> 
     </span>
     <span class='ocr_line' id='line_1_6' title="bbox 554 884 2850 966; baseline 0 -18"><span class='ocrx_word' id='word_1_45' title='bbox 554 893 621 948; x_wconf 88' lang='lat' dir='ltr'><strong>et</strong></span> <span class='ocrx_word' id='word_1_46' title='bbox 660 907 763 948; x_wconf 86' lang='lat' dir='ltr'><strong>eos</strong></span> <span class='ocrx_word' id='word_1_47' title='bbox 791 886 870 949; x_wconf 77' lang='lat' dir='ltr'><strong>ed</strong></span> <span class='ocrx_word' id='word_1_48' title='bbox 908 886 1221 966; x_wconf 77' lang='lat' dir='ltr'>grangiam</span> <span class='ocrx_word' id='word_1_49' title='bbox 1248 885 1602 966; x_wconf 73' lang='lat' dir='ltr'><strong>praedictam</strong></span> <span class='ocrx_word' id='word_1_50' title='bbox 1641 884 1889 946; x_wconf 85' lang='lat' dir='ltr'><strong>duxisse</strong></span> <span class='ocrx_word' id='word_1_51' title='bbox 1915 885 2265 961; x_wconf 81' lang='lat' dir='ltr'><strong>voluissent,</strong></span> <span class='ocrx_word' id='word_1_52' title='bbox 2296 887 2542 965; x_wconf 72' lang='lat' dir='ltr'><strong>praefati</strong></span> <span class='ocrx_word' id='word_1_53' title='bbox 2571 886 2758 949; x_wconf 87' lang='lat' dir='ltr'>Prior</span> <span class='ocrx_word' id='word_1_54' title='bbox 2791 901 2850 948; x_wconf 79' lang='lat' dir='ltr'><strong>et</strong></span> 
     </span>
     <span class='ocr_line' id='line_1_7' title="bbox 555 966 2848 1048; baseline 0 -20"><span class='ocrx_word' id='word_1_55' title='bbox 555 967 659 1029; x_wconf 73' lang='lat' dir='ltr'><strong>alii</strong></span> <span class='ocrx_word' id='word_1_56' title='bbox 685 968 752 1028; x_wconf 90' lang='lat' dir='ltr'><strong>in</strong></span> <span class='ocrx_word' id='word_1_57' title='bbox 780 967 799 1028; x_wconf 93' lang='lat' dir='ltr'><strong>i</strong></span> <span class='ocrx_word' id='word_1_58' title='bbox 846 987 944 1029; x_wconf 86' lang='lat' dir='ltr'><strong>sos</strong></span> <span class='ocrx_word' id='word_1_59' title='bbox 970 967 1245 1030; x_wconf 88' lang='lat' dir='ltr'><strong>homines</strong></span> <span class='ocrx_word' id='word_1_60' title='bbox 1271 967 1435 1028; x_wconf 75' lang='lat' dir='ltr'><strong>infra</strong></span> <span class='ocrx_word' id='word_1_61' title='bbox 1459 974 1683 1027; x_wconf 75' lang='lat' dir='ltr'><strong>terram</strong></span> <span class='ocrx_word' id='word_1_62' title='bbox 1711 967 1900 1045; x_wconf 85' lang='lat' dir='ltr'><strong>ipsius</strong></span> <span class='ocrx_word' id='word_1_63' title='bbox 1926 966 2186 1027; x_wconf 76' lang='lat' dir='ltr'><strong>Abbatis</strong></span> <span class='ocrx_word' id='word_1_64' title='bbox 2221 967 2387 1046; x_wconf 76' lang='lat' dir='ltr'><strong>apud</strong></span> <span class='ocrx_word' id='word_1_65' title='bbox 2419 967 2752 1048; x_wconf 81' lang='lat' dir='ltr'><strong>Huehyrst</strong></span> <span class='ocrx_word' id='word_1_66' title='bbox 2789 970 2848 1028; x_wconf 87' lang='lat' dir='ltr'><strong>in</strong></span> 
     </span>
     <span class='ocr_line' id='line_1_8' title="bbox 554 1047 2846 1128; baseline 0.001 -19"><span class='ocrx_word' id='word_1_67' title='bbox 554 1047 781 1128; x_wconf 85' lang='lat' dir='ltr'><strong>Byldes</strong></span> <span class='ocrx_word' id='word_1_68' title='bbox 826 1049 936 1123; x_wconf 70' lang='lat' dir='ltr'><strong>ale,</strong></span> <span class='ocrx_word' id='word_1_69' title='bbox 960 1048 1027 1110; x_wconf 86' lang='lat' dir='ltr'><strong>vi</strong></span> <span class='ocrx_word' id='word_1_70' title='bbox 1052 1057 1117 1109; x_wconf 89' lang='lat' dir='ltr'><strong>et</strong></span> <span class='ocrx_word' id='word_1_71' title='bbox 1155 1047 1546 1110; x_wconf 78' lang='lat' dir='ltr'><strong>armis—scil.</strong></span> <span class='ocrx_word' id='word_1_72' title='bbox 1577 1047 1813 1127; x_wconf 67' lang='lat' dir='ltr'><strong>gladiis,</strong></span> <span class='ocrx_word' id='word_1_73' title='bbox 1843 1047 2120 1122; x_wconf 79' lang='lat' dir='ltr'><strong>arcubus,</strong></span> <span class='ocrx_word' id='word_1_74' title='bbox 2151 1057 2216 1108; x_wconf 89' lang='lat' dir='ltr'><strong>et</strong></span> <span class='ocrx_word' id='word_1_75' title='bbox 2253 1049 2519 1127; x_wconf 73' lang='lat' dir='ltr'><strong>sagittis,</strong></span> <span class='ocrx_word' id='word_1_76' title='bbox 2549 1049 2846 1111; x_wconf 82' lang='lat' dir='ltr'><strong>insultum</strong></span> 
     </span>
     <span class='ocr_line' id='line_1_9' title="bbox 554 1128 2852 1208; baseline 0.001 -18"><span class='ocrx_word' id='word_1_77' title='bbox 554 1129 847 1206; x_wconf 84' lang='lat' dir='ltr'><strong>fecerunt,</strong></span> <span class='ocrx_word' id='word_1_78' title='bbox 900 1139 963 1190; x_wconf 90' lang='lat' dir='ltr'><strong>et</strong></span> <span class='ocrx_word' id='word_1_79' title='bbox 1003 1131 1187 1192; x_wconf 89' lang='lat' dir='ltr'><strong>boves</strong></span> <span class='ocrx_word' id='word_1_80' title='bbox 1236 1137 1301 1190; x_wconf 90' lang='lat' dir='ltr'><strong>et</strong></span> <span class='ocrx_word' id='word_1_81' title='bbox 1347 1149 1548 1190; x_wconf 81' lang='lat' dir='ltr'><strong>carros</strong></span> <span class='ocrx_word' id='word_1_82' title='bbox 1593 1128 1912 1208; x_wconf 72' lang='lat' dir='ltr'><strong>praedictos</strong></span> <span class='ocrx_word' id='word_1_83' title='bbox 1953 1138 2220 1190; x_wconf 79' lang='lat' dir='ltr'><strong>careatos</strong></span> <span class='ocrx_word' id='word_1_84' title='bbox 2261 1138 2578 1208; x_wconf 81' lang='lat' dir='ltr'><strong>oeperunt,</strong></span> <span class='ocrx_word' id='word_1_85' title='bbox 2627 1139 2700 1192; x_wconf 91' lang='lat' dir='ltr'><strong>et</strong></span> <span class='ocrx_word' id='word_1_86' title='bbox 2753 1151 2852 1193; x_wconf 72' lang='lat' dir='ltr'><strong>ees</strong></span> 
     </span>
     <span class='ocr_line' id='line_1_10' title="bbox 554 1208 2854 1293; baseline 0 -20"><span class='ocrx_word' id='word_1_87' title='bbox 554 1229 747 1291; x_wconf 84' lang='lat' dir='ltr'><strong>usque</strong></span> <span class='ocrx_word' id='word_1_88' title='bbox 775 1211 853 1273; x_wconf 72' lang='lat' dir='ltr'><strong>ad</strong></span> <span class='ocrx_word' id='word_1_89' title='bbox 880 1211 1218 1272; x_wconf 77' lang='lat' dir='ltr'><strong>manerium</strong></span> <span class='ocrx_word' id='word_1_90' title='bbox 1244 1209 1518 1290; x_wconf 69' lang='lat' dir='ltr'><strong>praedicti</strong></span> <span class='ocrx_word' id='word_1_91' title='bbox 1544 1209 1777 1271; x_wconf 83' lang='lat' dir='ltr'><strong>Prioris</strong></span> <span class='ocrx_word' id='word_1_92' title='bbox 1803 1211 1867 1271; x_wconf 91' lang='lat' dir='ltr'><strong>in</strong></span> <span class='ocrx_word' id='word_1_93' title='bbox 1888 1208 2254 1289; x_wconf 75' lang='lat' dir='ltr'><strong>Byldesdale</strong></span> <span class='ocrx_word' id='word_1_94' title='bbox 2279 1210 2616 1286; x_wconf 76' lang='lat' dir='ltr'><strong>duxerunt,</strong></span> <span class='ocrx_word' id='word_1_95' title='bbox 2649 1221 2722 1273; x_wconf 90' lang='lat' dir='ltr'><strong>et</strong></span> <span class='ocrx_word' id='word_1_96' title='bbox 2747 1233 2854 1293; x_wconf 83' lang='lat' dir='ltr'><strong>per</strong></span> 
     </span>
     <span class='ocr_line' id='line_1_11' title="bbox 552 1291 2850 1372; baseline 0 -18"><span class='ocrx_word' id='word_1_97' title='bbox 552 1292 761 1354; x_wconf 84' lang='lat' dir='ltr'><strong>decem</strong></span> <span class='ocrx_word' id='word_1_98' title='bbox 804 1293 1172 1372; x_wconf 76' lang='lat' dir='ltr'><strong>septimanas</strong></span> <span class='ocrx_word' id='word_1_99' title='bbox 1210 1291 1438 1354; x_wconf 83' lang='lat' dir='ltr'><strong>ibidem</strong></span> <span class='ocrx_word' id='word_1_100' title='bbox 1481 1291 1895 1366; x_wconf 87' lang='lat' dir='ltr'><strong>detinuerunt,</strong></span> <span class='ocrx_word' id='word_1_101' title='bbox 1927 1301 1992 1352; x_wconf 91' lang='lat' dir='ltr'><strong>et</strong></span> <span class='ocrx_word' id='word_1_102' title='bbox 2031 1311 2170 1352; x_wconf 82' lang='lat' dir='ltr'><strong>eum</strong></span> <span class='ocrx_word' id='word_1_103' title='bbox 2217 1291 2410 1353; x_wconf 85' lang='lat' dir='ltr'><strong>bobus</strong></span> <span class='ocrx_word' id='word_1_104' title='bbox 2453 1292 2581 1354; x_wconf 88' lang='lat' dir='ltr'><strong>illis</strong></span> <span class='ocrx_word' id='word_1_105' title='bbox 2622 1303 2850 1356; x_wconf 72' lang='lat' dir='ltr'><strong>terrem</strong></span> 
     </span>
     <span class='ocr_line' id='line_1_12' title="bbox 556 1371 2850 1458; baseline 0 -24"><span class='ocrx_word' id='word_1_106' title='bbox 556 1373 745 1453; x_wconf 82' lang='lat' dir='ltr'><strong>ipsius</strong></span> <span class='ocrx_word' id='word_1_107' title='bbox 792 1373 1022 1435; x_wconf 86' lang='lat' dir='ltr'><strong>Prioris</strong></span> <span class='ocrx_word' id='word_1_108' title='bbox 1070 1372 1264 1434; x_wconf 81' lang='lat' dir='ltr'><strong>excoli</strong></span> <span class='ocrx_word' id='word_1_109' title='bbox 1317 1371 1610 1449; x_wconf 81' lang='lat' dir='ltr'><strong>fecerunt,</strong></span> <span class='ocrx_word' id='word_1_110' title='bbox 1661 1372 1826 1434; x_wconf 90' lang='lat' dir='ltr'><strong>unde</strong></span> <span class='ocrx_word' id='word_1_111' title='bbox 1873 1371 2147 1452; x_wconf 69' lang='lat' dir='ltr'><strong>praedicti</strong></span> <span class='ocrx_word' id='word_1_112' title='bbox 2195 1372 2380 1433; x_wconf 83' lang='lat' dir='ltr'><strong>boves</strong></span> <span class='ocrx_word' id='word_1_113' title='bbox 2429 1373 2850 1458; x_wconf 78' lang='lat' dir='ltr'><strong>deteri[o]reti</strong></span> 
     </span>
     <span class='ocr_line' id='line_1_13' title="bbox 553 1452 2852 1534; baseline 0 -19"><span class='ocrx_word' id='word_1_114' title='bbox 553 1455 823 1529; x_wconf 77' lang='lat' dir='ltr'><strong>fuerunt,</strong></span> <span class='ocrx_word' id='word_1_115' title='bbox 852 1463 916 1516; x_wconf 89' lang='lat' dir='ltr'><strong>et</strong></span> <span class='ocrx_word' id='word_1_116' title='bbox 948 1454 1233 1534; x_wconf 71' lang='lat' dir='ltr'><strong>praefatos</strong></span> <span class='ocrx_word' id='word_1_117' title='bbox 1260 1453 1535 1514; x_wconf 87' lang='lat' dir='ltr'><strong>homines</strong></span> <span class='ocrx_word' id='word_1_118' title='bbox 1563 1452 1754 1533; x_wconf 87' lang='lat' dir='ltr'><strong>ipsius</strong></span> <span class='ocrx_word' id='word_1_119' title='bbox 1781 1453 2041 1514; x_wconf 78' lang='lat' dir='ltr'><strong>Abbatis</strong></span> <span class='ocrx_word' id='word_1_120' title='bbox 2069 1453 2550 1516; x_wconf 80' lang='lat' dir='ltr'><strong>verberaverunt</strong></span> <span class='ocrx_word' id='word_1_121' title='bbox 2575 1464 2644 1516; x_wconf 85' lang='lat' dir='ltr'><strong>et</strong></span> <span class='ocrx_word' id='word_1_122' title='bbox 2672 1457 2852 1516; x_wconf 69' lang='lat' dir='ltr'><strong>wlne-</strong></span> 
     </span>
     <span class='ocr_line' id='line_1_14' title="bbox 552 1533 2854 1615; baseline 0 -19"><span class='ocrx_word' id='word_1_123' title='bbox 552 1545 791 1611; x_wconf 71' lang='lat' dir='ltr'><strong>verunt,</strong></span> <span class='ocrx_word' id='word_1_124' title='bbox 824 1544 1035 1597; x_wconf 78' lang='lat' dir='ltr'><strong>contra</strong></span> <span class='ocrx_word' id='word_1_125' title='bbox 1080 1555 1291 1615; x_wconf 70' lang='lat' dir='ltr'><strong>pacem</strong></span> <span class='ocrx_word' id='word_1_126' title='bbox 1340 1542 1449 1596; x_wconf 85' lang='lat' dir='ltr'><strong>ete.</strong></span> <span class='ocrx_word' id='word_1_127' title='bbox 1480 1534 1742 1595; x_wconf 81' lang='lat' dir='ltr'><strong>2—unde</strong></span> <span class='ocrx_word' id='word_1_128' title='bbox 1785 1534 1936 1595; x_wconf 87' lang='lat' dir='ltr'><strong>dicit</strong></span> <span class='ocrx_word' id='word_1_129' title='bbox 1978 1533 2143 1613; x_wconf 90' lang='lat' dir='ltr'><strong>quod</strong></span> <span class='ocrx_word' id='word_1_130' title='bbox 2189 1533 2600 1597; x_wconf 67' lang='lat' dir='ltr'><strong>deterioratae</strong></span> <span class='ocrx_word' id='word_1_131' title='bbox 2649 1547 2753 1598; x_wconf 78' lang='lat' dir='ltr'><strong>est</strong></span> <span class='ocrx_word' id='word_1_132' title='bbox 2791 1549 2854 1598; x_wconf 81' lang='lat' dir='ltr'><strong>et</strong></span> 
     </span>
     <span class='ocr_line' id='line_1_15' title="bbox 554 1614 2854 1697; baseline 0 -19"><span class='ocrx_word' id='word_1_133' title='bbox 554 1617 884 1696; x_wconf 81' lang='lat' dir='ltr'><strong>dampnum</strong></span> <span class='ocrx_word' id='word_1_134' title='bbox 926 1616 1111 1678; x_wconf 80' lang='lat' dir='ltr'><strong>habet</strong></span> <span class='ocrx_word' id='word_1_135' title='bbox 1136 1615 1217 1676; x_wconf 74' lang='lat' dir='ltr'><strong>ad</strong></span> <span class='ocrx_word' id='word_1_136' title='bbox 1244 1614 1580 1677; x_wconf 74' lang='lat' dir='ltr'><strong>valenciam</strong></span> <span class='ocrx_word' id='word_1_137' title='bbox 1621 1615 1842 1694; x_wconf 85' lang='lat' dir='ltr'><strong>viginti</strong></span> <span class='ocrx_word' id='word_1_138' title='bbox 1868 1615 2172 1676; x_wconf 76' lang='lat' dir='ltr'><strong>librarum.</strong></span> <span class='ocrx_word' id='word_1_139' title='bbox 2253 1615 2336 1676; x_wconf 88' lang='lat' dir='ltr'><strong>Et</strong></span> <span class='ocrx_word' id='word_1_140' title='bbox 2373 1616 2520 1678; x_wconf 89' lang='lat' dir='ltr'><strong>inde</strong></span> <span class='ocrx_word' id='word_1_141' title='bbox 2563 1619 2854 1697; x_wconf 81' lang='lat' dir='ltr'><strong>producit-</strong></span> 
     </span>
     <span class='ocr_line' id='line_1_16' title="bbox 553 1695 2846 1780; baseline 0.001 -21"><span class='ocrx_word' id='word_1_142' title='bbox 553 1707 779 1760; x_wconf 78' lang='lat' dir='ltr'><strong>sectam</strong></span> <span class='ocrx_word' id='word_1_143' title='bbox 806 1705 918 1759; x_wconf 84' lang='lat' dir='ltr'><strong>ete.</strong></span> <span class='ocrx_word' id='word_1_144' title='bbox 1004 1697 1087 1759; x_wconf 91' lang='lat' dir='ltr'><strong>Et</strong></span> <span class='ocrx_word' id='word_1_145' title='bbox 1118 1697 1393 1778; x_wconf 72' lang='lat' dir='ltr'><strong>praedicti</strong></span> <span class='ocrx_word' id='word_1_146' title='bbox 1422 1696 1598 1758; x_wconf 86' lang='lat' dir='ltr'><strong>Prior</strong></span> <span class='ocrx_word' id='word_1_147' title='bbox 1623 1702 1689 1756; x_wconf 94' lang='lat' dir='ltr'><strong>et</strong></span> <span class='ocrx_word' id='word_1_148' title='bbox 1715 1716 1924 1758; x_wconf 90' lang='lat' dir='ltr'><strong>omnes</strong></span> <span class='ocrx_word' id='word_1_149' title='bbox 1952 1696 2070 1772; x_wconf 70' lang='lat' dir='ltr'><strong>alii,</strong></span> <span class='ocrx_word' id='word_1_150' title='bbox 2103 1716 2213 1775; x_wconf 90' lang='lat' dir='ltr'><strong>per</strong></span> <span class='ocrx_word' id='word_1_151' title='bbox 2238 1695 2646 1780; x_wconf 74' lang='lat' dir='ltr'><strong>at[t]ornatos</strong></span> <span class='ocrx_word' id='word_1_152' title='bbox 2689 1720 2846 1772; x_wconf 78' lang='lat' dir='ltr'><strong>sune,</strong></span> 
     </span>
     <span class='ocr_line' id='line_1_17' title="bbox 552 1777 2850 1860; baseline 0 -20"><span class='ocrx_word' id='word_1_153' title='bbox 552 1779 811 1840; x_wconf 85' lang='lat' dir='ltr'><strong>veniunt</strong></span> <span class='ocrx_word' id='word_1_154' title='bbox 849 1787 915 1840; x_wconf 90' lang='lat' dir='ltr'><strong>et</strong></span> <span class='ocrx_word' id='word_1_155' title='bbox 953 1778 1299 1840; x_wconf 84' lang='lat' dir='ltr'><strong>defendunt</strong></span> <span class='ocrx_word' id='word_1_156' title='bbox 1337 1778 1464 1838; x_wconf 86' lang='lat' dir='ltr'><strong>vim</strong></span> <span class='ocrx_word' id='word_1_157' title='bbox 1506 1785 1572 1838; x_wconf 91' lang='lat' dir='ltr'><strong>et</strong></span> <span class='ocrx_word' id='word_1_158' title='bbox 1617 1777 1922 1856; x_wconf 83' lang='lat' dir='ltr'><strong>injuriam,</strong></span> <span class='ocrx_word' id='word_1_159' title='bbox 1953 1778 2200 1857; x_wconf 74' lang='lat' dir='ltr'><strong>quando</strong></span> <span class='ocrx_word' id='word_1_160' title='bbox 2239 1787 2356 1839; x_wconf 78' lang='lat' dir='ltr'><strong>eto.</strong></span> <span class='ocrx_word' id='word_1_161' title='bbox 2437 1779 2522 1841; x_wconf 91' lang='lat' dir='ltr'><strong>Et</strong></span> <span class='ocrx_word' id='word_1_162' title='bbox 2569 1781 2850 1860; x_wconf 72' lang='lat' dir='ltr'><strong>praedicti</strong></span> 
     </span>
     <span class='ocr_line' id='line_1_18' title="bbox 552 1858 2848 1941; baseline 0.001 -20"><span class='ocrx_word' id='word_1_163' title='bbox 552 1861 741 1921; x_wconf 78' lang='lat' dir='ltr'><strong>frater</strong></span> <span class='ocrx_word' id='word_1_164' title='bbox 787 1859 831 1921; x_wconf 81' lang='lat' dir='ltr'><strong>J</strong></span> <span class='ocrx_word' id='word_1_165' title='bbox 833 1859 1101 1922; x_wconf 78' lang='lat' dir='ltr'><strong>ohannes</strong></span> <span class='ocrx_word' id='word_1_166' title='bbox 1148 1859 1226 1921; x_wconf 91' lang='lat' dir='ltr'><strong>de</strong></span> <span class='ocrx_word' id='word_1_167' title='bbox 1267 1858 1544 1937; x_wconf 78' lang='lat' dir='ltr'><strong>Alveley‚</strong></span> <span class='ocrx_word' id='word_1_168' title='bbox 1589 1858 1933 1920; x_wconf 81' lang='lat' dir='ltr'><strong>willelmus</strong></span> <span class='ocrx_word' id='word_1_169' title='bbox 1971 1858 2396 1938; x_wconf 85' lang='lat' dir='ltr'><strong>Aykesheved,</strong></span> <span class='ocrx_word' id='word_1_170' title='bbox 2441 1859 2736 1941; x_wconf 82' lang='lat' dir='ltr'><strong>Rogerus</strong></span> <span class='ocrx_word' id='word_1_171' title='bbox 2773 1863 2848 1924; x_wconf 76' lang='lat' dir='ltr'><strong>ad</strong></span> 
     </span>
     <span class='ocr_line' id='line_1_19' title="bbox 552 1939 2848 2022; baseline 0.001 -20"><span class='ocrx_word' id='word_1_172' title='bbox 552 1941 828 2018; x_wconf 80' lang='lat' dir='ltr'><strong>Pontem,</strong></span> <span class='ocrx_word' id='word_1_173' title='bbox 887 1941 1101 2003; x_wconf 89' lang='lat' dir='ltr'><strong>Simon</strong></span> <span class='ocrx_word' id='word_1_174' title='bbox 1141 1940 1298 2016; x_wconf 88' lang='lat' dir='ltr'><strong>Stot,</strong></span> <span class='ocrx_word' id='word_1_175' title='bbox 1358 1939 1570 2001; x_wconf 89' lang='lat' dir='ltr'><strong>Simon</strong></span> <span class='ocrx_word' id='word_1_176' title='bbox 1625 1939 1785 2001; x_wconf 85' lang='lat' dir='ltr'><strong>filius</strong></span> <span class='ocrx_word' id='word_1_177' title='bbox 1839 1939 2068 2015; x_wconf 80' lang='lat' dir='ltr'><strong>Aliciae,</strong></span> <span class='ocrx_word' id='word_1_178' title='bbox 2121 1939 2430 2002; x_wconf 78' lang='lat' dir='ltr'><strong>Walterus</strong></span> <span class='ocrx_word' id='word_1_179' title='bbox 2487 1942 2848 2022; x_wconf 72' lang='lat' dir='ltr'><strong>At-ye-belt,</strong></span> 
     </span>
     <span class='ocr_line' id='line_1_20' title="bbox 552 2019 2848 2102; baseline 0.001 -18"><span class='ocrx_word' id='word_1_180' title='bbox 552 2022 612 2084; x_wconf 89' lang='lat' dir='ltr'>N</span> <span class='ocrx_word' id='word_1_181' title='bbox 615 2022 885 2084; x_wconf 74' lang='lat' dir='ltr'><strong>ieholaus</strong></span> <span class='ocrx_word' id='word_1_182' title='bbox 924 2022 982 2084; x_wconf 89' lang='lat' dir='ltr'><strong>le</strong></span> <span class='ocrx_word' id='word_1_183' title='bbox 1024 2021 1243 2102; x_wconf 85' lang='lat' dir='ltr'><strong>Cuper,</strong></span> <span class='ocrx_word' id='word_1_184' title='bbox 1288 2031 1352 2083; x_wconf 89' lang='lat' dir='ltr'><strong>et</strong></span> <span class='ocrx_word' id='word_1_185' title='bbox 1379 2019 1726 2082; x_wconf 79' lang='lat' dir='ltr'><strong>willelmus</strong></span> <span class='ocrx_word' id='word_1_186' title='bbox 1766 2020 1956 2082; x_wconf 81' lang='lat' dir='ltr'><strong>Blake</strong></span> <span class='ocrx_word' id='word_1_187' title='bbox 1997 2021 2075 2082; x_wconf 91' lang='lat' dir='ltr'><strong>de</strong></span> <span class='ocrx_word' id='word_1_188' title='bbox 2116 2020 2498 2096; x_wconf 78' lang='lat' dir='ltr'><strong>Bradefelde,</strong></span> <span class='ocrx_word' id='word_1_189' title='bbox 2541 2025 2712 2086; x_wconf 88' lang='lat' dir='ltr'><strong>bene</strong></span> <span class='ocrx_word' id='word_1_190' title='bbox 2755 2026 2848 2086; x_wconf 89' lang='lat' dir='ltr'><strong>de-</strong></span> 
     </span>
     <span class='ocr_line' id='line_1_21' title="bbox 550 2101 2848 2186; baseline 0.001 -22"><span class='ocrx_word' id='word_1_191' title='bbox 550 2102 816 2165; x_wconf 77' lang='lat' dir='ltr'><strong>fendunt</strong></span> <span class='ocrx_word' id='word_1_192' title='bbox 855 2102 1019 2183; x_wconf 90' lang='lat' dir='ltr'><strong>quod</strong></span> <span class='ocrx_word' id='word_1_193' title='bbox 1060 2103 1176 2182; x_wconf 87' lang='lat' dir='ltr'><strong>ipsi</strong></span> <span class='ocrx_word' id='word_1_194' title='bbox 1217 2122 1547 2181; x_wconf 76' lang='lat' dir='ltr'><strong>nunquam,</strong></span> <span class='ocrx_word' id='word_1_195' title='bbox 1578 2101 1758 2164; x_wconf 81' lang='lat' dir='ltr'><strong>dietis</strong></span> <span class='ocrx_word' id='word_1_196' title='bbox 1805 2101 1907 2163; x_wconf 90' lang='lat' dir='ltr'><strong>die</strong></span> <span class='ocrx_word' id='word_1_197' title='bbox 1948 2109 2013 2163; x_wconf 92' lang='lat' dir='ltr'><strong>et</strong></span> <span class='ocrx_word' id='word_1_198' title='bbox 2047 2122 2226 2176; x_wconf 79' lang='lat' dir='ltr'><strong>anno,</strong></span> <span class='ocrx_word' id='word_1_199' title='bbox 2256 2103 2613 2166; x_wconf 85' lang='lat' dir='ltr'><strong>hominibus</strong></span> <span class='ocrx_word' id='word_1_200' title='bbox 2654 2107 2848 2186; x_wconf 81' lang='lat' dir='ltr'><strong>ipsius</strong></span> 
     </span>
     <span class='ocr_line' id='line_1_22' title="bbox 548 2182 2848 2265; baseline 0.001 -19"><span class='ocrx_word' id='word_1_201' title='bbox 548 2185 811 2246; x_wconf 83' lang='lat' dir='ltr'><strong>Abbatis</strong></span> <span class='ocrx_word' id='word_1_202' title='bbox 850 2183 1015 2265; x_wconf 79' lang='lat' dir='ltr'><strong>apud</strong></span> <span class='ocrx_word' id='word_1_203' title='bbox 1058 2184 1379 2263; x_wconf 85' lang='lat' dir='ltr'><strong>Huehyrst</strong></span> <span class='ocrx_word' id='word_1_204' title='bbox 1424 2182 1722 2244; x_wconf 86' lang='lat' dir='ltr'><strong>insultum</strong></span> <span class='ocrx_word' id='word_1_205' title='bbox 1765 2183 2057 2259; x_wconf 80' lang='lat' dir='ltr'><strong>fecerunt,</strong></span> <span class='ocrx_word' id='word_1_206' title='bbox 2100 2204 2212 2244; x_wconf 86' lang='lat' dir='ltr'><strong>nec</strong></span> <span class='ocrx_word' id='word_1_207' title='bbox 2252 2185 2439 2246; x_wconf 87' lang='lat' dir='ltr'><strong>boves</strong></span> <span class='ocrx_word' id='word_1_208' title='bbox 2479 2205 2600 2248; x_wconf 84' lang='lat' dir='ltr'><strong>nee</strong></span> <span class='ocrx_word' id='word_1_209' title='bbox 2645 2208 2848 2249; x_wconf 73' lang='lat' dir='ltr'><strong>carros</strong></span> 
     </span>
     <span class='ocr_line' id='line_1_23' title="bbox 550 2263 2848 2347; baseline 0 -20"><span class='ocrx_word' id='word_1_210' title='bbox 550 2263 869 2344; x_wconf 77' lang='lat' dir='ltr'><strong>praedictos</strong></span> <span class='ocrx_word' id='word_1_211' title='bbox 897 2274 1163 2327; x_wconf 64' lang='lat' dir='ltr'><strong>eas-catos</strong></span> <span class='ocrx_word' id='word_1_212' title='bbox 1211 2273 1517 2345; x_wconf 85' lang='lat' dir='ltr'><strong>ceperunt,</strong></span> <span class='ocrx_word' id='word_1_213' title='bbox 1549 2284 1660 2326; x_wconf 85' lang='lat' dir='ltr'><strong>nee</strong></span> <span class='ocrx_word' id='word_1_214' title='bbox 1703 2283 1806 2326; x_wconf 89' lang='lat' dir='ltr'><strong>eos</strong></span> <span class='ocrx_word' id='word_1_215' title='bbox 1841 2283 2033 2344; x_wconf 87' lang='lat' dir='ltr'><strong>usque</strong></span> <span class='ocrx_word' id='word_1_216' title='bbox 2077 2264 2156 2326; x_wconf 75' lang='lat' dir='ltr'><strong>ed</strong></span> <span class='ocrx_word' id='word_1_217' title='bbox 2195 2267 2536 2328; x_wconf 69' lang='lat' dir='ltr'><strong>manerium</strong></span> <span class='ocrx_word' id='word_1_218' title='bbox 2561 2269 2848 2347; x_wconf 71' lang='lat' dir='ltr'><strong>praedicti</strong></span> 
     </span>
     <span class='ocr_line' id='line_1_24' title="bbox 550 2346 2844 2427; baseline 0.002 -19"><span class='ocrx_word' id='word_1_219' title='bbox 550 2346 777 2408; x_wconf 85' lang='lat' dir='ltr'><strong>Prioris</strong></span> <span class='ocrx_word' id='word_1_220' title='bbox 818 2348 881 2408; x_wconf 94' lang='lat' dir='ltr'><strong>in</strong></span> <span class='ocrx_word' id='word_1_221' title='bbox 911 2346 1273 2426; x_wconf 80' lang='lat' dir='ltr'><strong>Byldesdale</strong></span> <span class='ocrx_word' id='word_1_222' title='bbox 1314 2346 1640 2420; x_wconf 82' lang='lat' dir='ltr'><strong>duxerunt,</strong></span> <span class='ocrx_word' id='word_1_223' title='bbox 1671 2365 1782 2406; x_wconf 83' lang='lat' dir='ltr'><strong>nee</strong></span> <span class='ocrx_word' id='word_1_224' title='bbox 1811 2366 1922 2424; x_wconf 88' lang='lat' dir='ltr'><strong>per</strong></span> <span class='ocrx_word' id='word_1_225' title='bbox 1945 2347 2154 2408; x_wconf 82' lang='lat' dir='ltr'><strong>decem</strong></span> <span class='ocrx_word' id='word_1_226' title='bbox 2197 2348 2570 2427; x_wconf 79' lang='lat' dir='ltr'><strong>septimanas</strong></span> <span class='ocrx_word' id='word_1_227' title='bbox 2615 2350 2844 2412; x_wconf 88' lang='lat' dir='ltr'><strong>ibidem</strong></span> 
     </span>
     <span class='ocr_line' id='line_1_25' title="bbox 547 2426 2844 2506; baseline 0.002 -17"><span class='ocrx_word' id='word_1_228' title='bbox 547 2427 963 2503; x_wconf 86' lang='lat' dir='ltr'><strong>detinuerunt,</strong></span> <span class='ocrx_word' id='word_1_229' title='bbox 994 2448 1107 2489; x_wconf 83' lang='lat' dir='ltr'><strong>nec</strong></span> <span class='ocrx_word' id='word_1_230' title='bbox 1147 2448 1286 2489; x_wconf 87' lang='lat' dir='ltr'><strong>cum</strong></span> <span class='ocrx_word' id='word_1_231' title='bbox 1313 2427 1507 2488; x_wconf 88' lang='lat' dir='ltr'><strong>bobus</strong></span> <span class='ocrx_word' id='word_1_232' title='bbox 1545 2426 1665 2488; x_wconf 87' lang='lat' dir='ltr'><strong>illis</strong></span> <span class='ocrx_word' id='word_1_233' title='bbox 1694 2435 1918 2488; x_wconf 77' lang='lat' dir='ltr'><strong>terram</strong></span> <span class='ocrx_word' id='word_1_234' title='bbox 1960 2428 2148 2506; x_wconf 86' lang='lat' dir='ltr'><strong>ipsius</strong></span> <span class='ocrx_word' id='word_1_235' title='bbox 2175 2427 2404 2491; x_wconf 85' lang='lat' dir='ltr'><strong>Prioris</strong></span> <span class='ocrx_word' id='word_1_236' title='bbox 2444 2429 2648 2492; x_wconf 79' lang='lat' dir='ltr'><strong>excoli</strong></span> <span class='ocrx_word' id='word_1_237' title='bbox 2691 2433 2844 2494; x_wconf 81' lang='lat' dir='ltr'><strong>feee-</strong></span> 
     </span>
     <span class='ocr_line' id='line_1_26' title="bbox 549 2508 2840 2592; baseline 0.001 -22"><span class='ocrx_word' id='word_1_238' title='bbox 549 2518 711 2585; x_wconf 88' lang='lat' dir='ltr'><strong>runt‚</strong></span> <span class='ocrx_word' id='word_1_239' title='bbox 756 2530 867 2572; x_wconf 84' lang='lat' dir='ltr'><strong>nee</strong></span> <span class='ocrx_word' id='word_1_240' title='bbox 908 2510 1174 2588; x_wconf 77' lang='lat' dir='ltr'><strong>aliquam</strong></span> <span class='ocrx_word' id='word_1_241' title='bbox 1215 2508 1756 2589; x_wconf 74' lang='lat' dir='ltr'><strong>transgressionem</strong></span> <span class='ocrx_word' id='word_1_242' title='bbox 1801 2508 2080 2569; x_wconf 85' lang='lat' dir='ltr'><strong>fecerunt</strong></span> <span class='ocrx_word' id='word_1_243' title='bbox 2123 2509 2282 2571; x_wconf 81' lang='lat' dir='ltr'><strong>sieut</strong></span> <span class='ocrx_word' id='word_1_244' title='bbox 2327 2510 2415 2570; x_wconf 80' lang='lat' dir='ltr'><strong>eis</strong></span> <span class='ocrx_word' id='word_1_245' title='bbox 2456 2555 2471 2570; x_wconf 91' lang='lat'><strong>.</strong></span> <span class='ocrx_word' id='word_1_246' title='bbox 2517 2557 2532 2572; x_wconf 90' lang='lat'><strong>.</strong></span> <span class='ocrx_word' id='word_1_247' title='bbox 2581 2558 2600 2572; x_wconf 90' lang='lat'><em>.</em></span> <span class='ocrx_word' id='word_1_248' title='bbox 2649 2515 2840 2592; x_wconf 85' lang='lat' dir='ltr'><strong>ponit.</strong></span> 
     </span>
     <span class='ocr_line' id='line_1_27' title="bbox 551 2589 2842 2670; baseline 0.001 -18"><span class='ocrx_word' id='word_1_249' title='bbox 551 2590 800 2652; x_wconf 90' lang='lat' dir='ltr'><strong>Ponunt</strong></span> <span class='ocrx_word' id='word_1_250' title='bbox 826 2611 892 2652; x_wconf 86' lang='lat' dir='ltr'><strong>se</strong></span> <span class='ocrx_word' id='word_1_251' title='bbox 920 2611 1103 2670; x_wconf 90' lang='lat' dir='ltr'><strong>super</strong></span> <span class='ocrx_word' id='word_1_252' title='bbox 1138 2590 1412 2670; x_wconf 76' lang='lat' dir='ltr'><strong>petriam.</strong></span> <span class='ocrx_word' id='word_1_253' title='bbox 1500 2589 1584 2650; x_wconf 89' lang='lat' dir='ltr'><strong>Et</strong></span> <span class='ocrx_word' id='word_1_254' title='bbox 1609 2589 1820 2651; x_wconf 74' lang='lat' dir='ltr'><strong>Abbas</strong></span> <span class='ocrx_word' id='word_1_255' title='bbox 1847 2589 2127 2651; x_wconf 87' lang='lat' dir='ltr'><strong>similiter</strong></span> <span class='ocrx_word' id='word_1_256' title='bbox 2153 2599 2266 2652; x_wconf 82' lang='lat' dir='ltr'><strong>ete.</strong></span> <span class='ocrx_word' id='word_1_257' title='bbox 2350 2590 2502 2652; x_wconf 90' lang='lat' dir='ltr'><strong>Ideo</strong></span> <span class='ocrx_word' id='word_1_258' title='bbox 2545 2593 2664 2654; x_wconf 77' lang='lat' dir='ltr'><strong>fiat</strong></span> <span class='ocrx_word' id='word_1_259' title='bbox 2701 2595 2842 2656; x_wconf 89' lang='lat' dir='ltr'><strong>inde</strong></span> 
     </span>
     <span class='ocr_line' id='line_1_28' title="bbox 554 2673 764 2734; baseline 0.005 -1"><span class='ocrx_word' id='word_1_260' title='bbox 554 2673 764 2734; x_wconf 55' lang='lat' dir='ltr'><strong>&#39;urata</strong></span> 
     </span>
    </p>

    <p class='ocr_par' dir='ltr' id='par_1_3' title="bbox 543 2693 2844 4461">
     <span class='ocr_line' id='line_1_29' title="bbox 543 2693 2844 2831; baseline 0.001 -17"><span class='ocrx_word' id='word_1_261' title='bbox 543 2693 568 2752; x_wconf 61' lang='lat' dir='ltr'>J</span> <span class='ocrx_word' id='word_1_262' title='bbox 628 2752 832 2814; x_wconf 81' lang='lat' dir='ltr'><strong>Jurati</strong></span> <span class='ocrx_word' id='word_1_263' title='bbox 880 2752 1094 2813; x_wconf 89' lang='lat' dir='ltr'><strong>dicunt</strong></span> <span class='ocrx_word' id='word_1_264' title='bbox 1146 2772 1327 2831; x_wconf 87' lang='lat' dir='ltr'><strong>super</strong></span> <span class='ocrx_word' id='word_1_265' title='bbox 1376 2759 1817 2812; x_wconf 74' lang='lat' dir='ltr'><strong>sacramentum</strong></span> <span class='ocrx_word' id='word_1_266' title='bbox 1863 2771 2041 2813; x_wconf 89' lang='lat' dir='ltr'><strong>suum</strong></span> <span class='ocrx_word' id='word_1_267' title='bbox 2088 2751 2255 2831; x_wconf 91' lang='lat' dir='ltr'><strong>quod</strong></span> <span class='ocrx_word' id='word_1_268' title='bbox 2299 2752 2576 2831; x_wconf 81' lang='lat' dir='ltr'><strong>praedieti</strong></span> <span class='ocrx_word' id='word_1_269' title='bbox 2625 2755 2844 2818; x_wconf 69' lang='lat' dir='ltr'><strong>Fmoer</strong></span> 
     </span>
     <span class='ocr_line' id='line_1_30' title="bbox 546 2831 2840 2914; baseline 0.002 -20"><span class='ocrx_word' id='word_1_270' title='bbox 546 2833 590 2895; x_wconf 82' lang='lat' dir='ltr'><strong>J</strong></span> <span class='ocrx_word' id='word_1_271' title='bbox 592 2833 859 2895; x_wconf 80' lang='lat' dir='ltr'><strong>ohannes</strong></span> <span class='ocrx_word' id='word_1_272' title='bbox 888 2834 964 2895; x_wconf 91' lang='lat' dir='ltr'><strong>de</strong></span> <span class='ocrx_word' id='word_1_273' title='bbox 992 2833 1303 2912; x_wconf 84' lang='lat' dir='ltr'><strong>Alveleye,</strong></span> <span class='ocrx_word' id='word_1_274' title='bbox 1328 2831 1674 2893; x_wconf 85' lang='lat' dir='ltr'><strong>Willelmus</strong></span> <span class='ocrx_word' id='word_1_275' title='bbox 1698 2831 2122 2910; x_wconf 81' lang='lat' dir='ltr'><strong>Aykesheved,</strong></span> <span class='ocrx_word' id='word_1_276' title='bbox 2147 2833 2420 2914; x_wconf 81' lang='lat' dir='ltr'><strong>Rogems</strong></span> <span class='ocrx_word' id='word_1_277' title='bbox 2447 2835 2528 2896; x_wconf 74' lang='lat' dir='ltr'><strong>ad</strong></span> <span class='ocrx_word' id='word_1_278' title='bbox 2554 2836 2840 2910; x_wconf 84' lang='lat' dir='ltr'><strong>Pontem,</strong></span> 
     </span>
     <span class='ocr_line' id='line_1_31' title="bbox 548 2913 2840 2992; baseline 0.002 -16"><span class='ocrx_word' id='word_1_279' title='bbox 548 2915 758 2977; x_wconf 89' lang='lat' dir='ltr'><strong>Simon</strong></span> <span class='ocrx_word' id='word_1_280' title='bbox 782 2915 937 2988; x_wconf 87' lang='lat' dir='ltr'><strong>Stot,</strong></span> <span class='ocrx_word' id='word_1_281' title='bbox 959 2915 1169 2976; x_wconf 89' lang='lat' dir='ltr'><strong>Simon</strong></span> <span class='ocrx_word' id='word_1_282' title='bbox 1197 2914 1358 2974; x_wconf 86' lang='lat' dir='ltr'><strong>filius</strong></span> <span class='ocrx_word' id='word_1_283' title='bbox 1384 2913 1614 2988; x_wconf 82' lang='lat' dir='ltr'><strong>Aliciae,</strong></span> <span class='ocrx_word' id='word_1_284' title='bbox 1640 2913 1951 2974; x_wconf 81' lang='lat' dir='ltr'><strong>Walterus</strong></span> <span class='ocrx_word' id='word_1_285' title='bbox 1969 2914 2298 2992; x_wconf 85' lang='lat' dir='ltr'><strong>At-ye-bek</strong></span> <span class='ocrx_word' id='word_1_286' title='bbox 2325 2925 2390 2976; x_wconf 90' lang='lat' dir='ltr'><strong>et</strong></span> <span class='ocrx_word' id='word_1_287' title='bbox 2417 2915 2760 2980; x_wconf 76' lang='lat' dir='ltr'><strong>Nicholans</strong></span> <span class='ocrx_word' id='word_1_288' title='bbox 2785 2919 2840 2980; x_wconf 88' lang='lat' dir='ltr'><strong>le</strong></span> 
     </span>
     <span class='ocr_line' id='line_1_32' title="bbox 550 2993 2838 3076; baseline 0.002 -20"><span class='ocrx_word' id='word_1_289' title='bbox 550 2995 767 3076; x_wconf 85' lang='lat' dir='ltr'><strong>Cuper,</strong></span> <span class='ocrx_word' id='word_1_290' title='bbox 800 3006 864 3058; x_wconf 91' lang='lat' dir='ltr'><strong>et</strong></span> <span class='ocrx_word' id='word_1_291' title='bbox 891 2995 1233 3058; x_wconf 86' lang='lat' dir='ltr'><strong>Willelmus</strong></span> <span class='ocrx_word' id='word_1_292' title='bbox 1263 2994 1497 3074; x_wconf 78' lang='lat' dir='ltr'><strong>Blayke</strong></span> <span class='ocrx_word' id='word_1_293' title='bbox 1528 2994 1606 3055; x_wconf 90' lang='lat' dir='ltr'><strong>de</strong></span> <span class='ocrx_word' id='word_1_294' title='bbox 1633 2993 1995 3056; x_wconf 82' lang='lat' dir='ltr'><strong>Bradefelde</strong></span> <span class='ocrx_word' id='word_1_295' title='bbox 2033 2994 2266 3056; x_wconf 73' lang='lat' dir='ltr'><strong>nullam</strong></span> <span class='ocrx_word' id='word_1_296' title='bbox 2293 3000 2838 3076; x_wconf 77' lang='lat' dir='ltr'><strong>transgressionem</strong></span> 
     </span>
     <span class='ocr_line' id='line_1_33' title="bbox 548 3075 2838 3158; baseline 0.003 -22"><span class='ocrx_word' id='word_1_297' title='bbox 548 3077 826 3139; x_wconf 80' lang='lat' dir='ltr'><strong>fecerunt</strong></span> <span class='ocrx_word' id='word_1_298' title='bbox 866 3077 1156 3156; x_wconf 73' lang='lat' dir='ltr'><strong>praedicto</strong></span> <span class='ocrx_word' id='word_1_299' title='bbox 1203 3075 1448 3138; x_wconf 66' lang='lat' dir='ltr'><strong>Abbati,</strong></span> <span class='ocrx_word' id='word_1_300' title='bbox 1537 3075 1687 3136; x_wconf 93' lang='lat' dir='ltr'><strong>Ideo</strong></span> <span class='ocrx_word' id='word_1_301' title='bbox 1724 3076 2172 3137; x_wconf 75' lang='lat' dir='ltr'><strong>consideratum</strong></span> <span class='ocrx_word' id='word_1_302' title='bbox 2215 3086 2311 3138; x_wconf 87' lang='lat' dir='ltr'><strong>est</strong></span> <span class='ocrx_word' id='word_1_303' title='bbox 2358 3077 2523 3157; x_wconf 84' lang='lat' dir='ltr'><strong>quod</strong></span> <span class='ocrx_word' id='word_1_304' title='bbox 2562 3081 2838 3158; x_wconf 78' lang='lat' dir='ltr'><strong>praedieti</strong></span> 
     </span>
     <span class='ocr_line' id='line_1_34' title="bbox 550 3155 2836 3250; baseline 0.002 -32"><span class='ocrx_word' id='word_1_305' title='bbox 550 3157 765 3220; x_wconf 76' lang='lat' dir='ltr'><strong>Frater</strong></span> <span class='ocrx_word' id='word_1_306' title='bbox 788 3156 832 3218; x_wconf 80' lang='lat' dir='ltr'><strong>J</strong></span> <span class='ocrx_word' id='word_1_307' title='bbox 836 3160 1105 3220; x_wconf 78' lang='lat' dir='ltr'><strong>ohannes</strong></span> <span class='ocrx_word' id='word_1_308' title='bbox 1146 3167 1211 3224; x_wconf 81' lang='lat' dir='ltr'><strong>et</strong></span> <span class='ocrx_word' id='word_1_309' title='bbox 1250 3158 1352 3218; x_wconf 79' lang='lat' dir='ltr'><strong>alii</strong></span> <span class='ocrx_word' id='word_1_310' title='bbox 1393 3156 1710 3250; x_wconf 39' lang='lat' dir='ltr'><strong>inde-sine</strong></span> <span class='ocrx_word' id='word_1_311' title='bbox 1751 3155 1866 3218; x_wconf 88' lang='lat' dir='ltr'><strong>die.</strong></span> <span class='ocrx_word' id='word_1_312' title='bbox 1950 3156 2034 3217; x_wconf 92' lang='lat' dir='ltr'><strong>Et</strong></span> <span class='ocrx_word' id='word_1_313' title='bbox 2062 3159 2384 3236; x_wconf 71' lang='lat' dir='ltr'><strong>praedictus</strong></span> <span class='ocrx_word' id='word_1_314' title='bbox 2409 3159 2626 3222; x_wconf 79' lang='lat' dir='ltr'><strong>Abbas</strong></span> <span class='ocrx_word' id='word_1_315' title='bbox 2653 3162 2836 3224; x_wconf 74' lang='lat' dir='ltr'><strong>nichil</strong></span> 
     </span>
     <span class='ocr_line' id='line_1_35' title="bbox 549 3237 2834 3405; baseline 0.002 -24"><span class='ocrx_word' id='word_1_316' title='bbox 549 3248 714 3381; x_wconf 54' lang='grc' dir='ltr'><strong>Ἓξ</strong></span> <span class='ocrx_word' id='word_1_317' title='bbox 738 3246 1490 3399; x_wconf 51' lang='lat' dir='ltr'><strong>{affiffississss‘zfflssff</strong></span> <span class='ocrx_word' id='word_1_318' title='bbox 1505 3237 2487 3401; x_wconf 48' lang='lat' dir='ltr'><strong>sszt-fftffigrfissassflsssssfffflzssffl</strong></span> <span class='ocrx_word' id='word_1_319' title='bbox 2523 3322 2695 3401; x_wconf 84' lang='lat' dir='ltr'><strong>quod</strong></span> <span class='ocrx_word' id='word_1_320' title='bbox 2722 3325 2834 3405; x_wconf 78' lang='lat' dir='ltr'><strong>ipsi</strong></span> 
     </span>
     <span class='ocr_line' id='line_1_36' title="bbox 547 3399 2834 3488; baseline 0.003 -27"><span class='ocrx_word' id='word_1_321' title='bbox 547 3401 613 3461; x_wconf 90' lang='lat' dir='ltr'><strong>in</strong></span> <span class='ocrx_word' id='word_1_322' title='bbox 653 3401 943 3481; x_wconf 72' lang='lat' dir='ltr'><strong>praedicto</strong></span> <span class='ocrx_word' id='word_1_323' title='bbox 991 3401 1186 3475; x_wconf 86' lang='lat' dir='ltr'><strong>bosco,</strong></span> <span class='ocrx_word' id='word_1_324' title='bbox 1240 3399 1345 3478; x_wconf 91' lang='lat' dir='ltr'><strong>qui</strong></span> <span class='ocrx_word' id='word_1_325' title='bbox 1395 3407 1489 3460; x_wconf 88' lang='lat' dir='ltr'><strong>est</strong></span> <span class='ocrx_word' id='word_1_326' title='bbox 1537 3400 1750 3460; x_wconf 82' lang='lat' dir='ltr'><strong>boscus</strong></span> <span class='ocrx_word' id='word_1_327' title='bbox 1799 3399 1990 3478; x_wconf 86' lang='lat' dir='ltr'><strong>ipsius</strong></span> <span class='ocrx_word' id='word_1_328' title='bbox 2032 3399 2278 3475; x_wconf 83' lang='lat' dir='ltr'><strong>Prioris,</strong></span> <span class='ocrx_word' id='word_1_329' title='bbox 2324 3402 2834 3488; x_wconf 75' lang='lat' dir='ltr'><strong>prostrav[erant]</strong></span> 
     </span>
     <span class='ocr_line' id='line_1_37' title="bbox 548 3480 2834 3560; baseline 0.003 -17"><span class='ocrx_word' id='word_1_330' title='bbox 548 3482 791 3543; x_wconf 81' lang='lat' dir='ltr'><strong>arbores</strong></span> <span class='ocrx_word' id='word_1_331' title='bbox 824 3483 903 3544; x_wconf 76' lang='lat' dir='ltr'><strong>ad</strong></span> <span class='ocrx_word' id='word_1_332' title='bbox 944 3482 1287 3544; x_wconf 78' lang='lat' dir='ltr'><strong>faciendum</strong></span> <span class='ocrx_word' id='word_1_333' title='bbox 1328 3480 1472 3541; x_wconf 92' lang='lat' dir='ltr'><strong>inde</strong></span> <span class='ocrx_word' id='word_1_334' title='bbox 1512 3480 1888 3541; x_wconf 84' lang='lat' dir='ltr'><strong>maeremium</strong></span> <span class='ocrx_word' id='word_1_335' title='bbox 1927 3480 2006 3542; x_wconf 76' lang='lat' dir='ltr'><strong>ad</strong></span> <span class='ocrx_word' id='word_1_336' title='bbox 2051 3501 2202 3560; x_wconf 86' lang='lat' dir='ltr'><strong>opus</strong></span> <span class='ocrx_word' id='word_1_337' title='bbox 2241 3483 2432 3560; x_wconf 86' lang='lat' dir='ltr'><strong>ipsius</strong></span> <span class='ocrx_word' id='word_1_338' title='bbox 2460 3484 2696 3548; x_wconf 84' lang='lat' dir='ltr'><strong>Prioris</strong></span> <span class='ocrx_word' id='word_1_339' title='bbox 2718 3510 2737 3547; x_wconf 75' lang='grc' dir='ltr'>ε</span> <span class='ocrx_word' id='word_1_340' title='bbox 2774 3501 2834 3549; x_wconf 86' lang='lat' dir='ltr'><strong>et</strong></span> 
     </span>
     <span class='ocr_line' id='line_1_38' title="bbox 547 3560 2832 3646; baseline 0.003 -22"><span class='ocrx_word' id='word_1_341' title='bbox 547 3563 762 3624; x_wconf 85' lang='lat' dir='ltr'><strong>dieunt</strong></span> <span class='ocrx_word' id='word_1_342' title='bbox 794 3563 959 3643; x_wconf 93' lang='lat' dir='ltr'><strong>quod</strong></span> <span class='ocrx_word' id='word_1_343' title='bbox 1004 3563 1325 3643; x_wconf 79' lang='lat' dir='ltr'><strong>proedictus</strong></span> <span class='ocrx_word' id='word_1_344' title='bbox 1351 3561 1563 3623; x_wconf 77' lang='lat' dir='ltr'><strong>Abbas</strong></span> <span class='ocrx_word' id='word_1_345' title='bbox 1603 3561 1770 3622; x_wconf 87' lang='lat' dir='ltr'><strong>misit</strong></span> <span class='ocrx_word' id='word_1_346' title='bbox 1796 3560 2070 3622; x_wconf 88' lang='lat' dir='ltr'><strong>homines</strong></span> <span class='ocrx_word' id='word_1_347' title='bbox 2111 3583 2267 3638; x_wconf 88' lang='lat' dir='ltr'><strong>suos,</strong></span> <span class='ocrx_word' id='word_1_348' title='bbox 2303 3561 2465 3646; x_wconf 84' lang='lat' dir='ltr'><strong>[cum</strong></span> <span class='ocrx_word' id='word_1_349' title='bbox 2521 3567 2728 3644; x_wconf 70' lang='lat' dir='ltr'><strong>eal-ris,</strong></span> <span class='ocrx_word' id='word_1_350' title='bbox 2759 3570 2832 3630; x_wconf 74' lang='lat' dir='ltr'><strong>ad</strong></span> 
     </span>
     <span class='ocr_line' id='line_1_39' title="bbox 547 3642 2836 3724; baseline 0.003 -20"><span class='ocrx_word' id='word_1_351' title='bbox 547 3643 903 3723; x_wconf 77' lang='lat' dir='ltr'><strong>praedietum</strong></span> <span class='ocrx_word' id='word_1_352' title='bbox 930 3645 1177 3706; x_wconf 82' lang='lat' dir='ltr'><strong>boscum</strong></span> <span class='ocrx_word' id='word_1_353' title='bbox 1205 3651 1537 3717; x_wconf 78' lang='lat' dir='ltr'><strong>noctanter,</strong></span> <span class='ocrx_word' id='word_1_354' title='bbox 1571 3651 1634 3703; x_wconf 88' lang='lat' dir='ltr'><strong>et</strong></span> <span class='ocrx_word' id='word_1_355' title='bbox 1668 3642 1854 3704; x_wconf 90' lang='lat' dir='ltr'><strong>iidem</strong></span> <span class='ocrx_word' id='word_1_356' title='bbox 1881 3643 2156 3705; x_wconf 87' lang='lat' dir='ltr'><strong>homines</strong></span> <span class='ocrx_word' id='word_1_357' title='bbox 2195 3645 2386 3724; x_wconf 85' lang='lat' dir='ltr'><strong>ipsius</strong></span> <span class='ocrx_word' id='word_1_358' title='bbox 2413 3647 2474 3706; x_wconf 89' lang='lat' dir='ltr'><strong>A</strong></span> <span class='ocrx_word' id='word_1_359' title='bbox 2516 3647 2679 3710; x_wconf 76' lang='lat' dir='ltr'><strong>batis</strong></span> <span class='ocrx_word' id='word_1_360' title='bbox 2718 3671 2836 3711; x_wconf 77' lang='lat' dir='ltr'><strong>ear-</strong></span> 
     </span>
     <span class='ocr_line' id='line_1_40' title="bbox 547 3722 2830 3811; baseline 0.003 -25"><span class='ocrx_word' id='word_1_361' title='bbox 547 3734 842 3787; x_wconf 81' lang='lat' dir='ltr'><strong>caverunt</strong></span> <span class='ocrx_word' id='word_1_362' title='bbox 882 3726 1125 3788; x_wconf 86' lang='lat' dir='ltr'><strong>eosdem</strong></span> <span class='ocrx_word' id='word_1_363' title='bbox 1180 3745 1380 3786; x_wconf 75' lang='lat' dir='ltr'><strong>carros</strong></span> <span class='ocrx_word' id='word_1_364' title='bbox 1423 3744 1561 3785; x_wconf 85' lang='lat' dir='ltr'><strong>cum</strong></span> <span class='ocrx_word' id='word_1_365' title='bbox 1601 3725 1906 3786; x_wconf 68' lang='lat' dir='ltr'><strong>moeremio</strong></span> <span class='ocrx_word' id='word_1_366' title='bbox 1955 3722 2196 3809; x_wconf 82' lang='lat' dir='ltr'><strong>[ipsius]</strong></span> <span class='ocrx_word' id='word_1_367' title='bbox 2237 3725 2482 3802; x_wconf 65' lang='lat' dir='ltr'><strong>Primis,</strong></span> <span class='ocrx_word' id='word_1_368' title='bbox 2528 3737 2596 3790; x_wconf 93' lang='lat' dir='ltr'><strong>et</strong></span> <span class='ocrx_word' id='word_1_369' title='bbox 2635 3731 2830 3811; x_wconf 87' lang='lat' dir='ltr'><strong>ipsum</strong></span> 
     </span>
     <span class='ocr_line' id='line_1_41' title="bbox 548 3805 2832 3893; baseline 0.004 -27"><span class='ocrx_word' id='word_1_370' title='bbox 548 3808 919 3868; x_wconf 84' lang='lat' dir='ltr'><strong>maeremium</strong></span> <span class='ocrx_word' id='word_1_371' title='bbox 960 3807 1350 3869; x_wconf 81' lang='lat' dir='ltr'><strong>abduxerunt</strong></span> <span class='ocrx_word' id='word_1_372' title='bbox 1389 3826 1526 3867; x_wconf 87' lang='lat' dir='ltr'><strong>eum</strong></span> <span class='ocrx_word' id='word_1_373' title='bbox 1563 3805 1866 3885; x_wconf 83' lang='lat' dir='ltr'><strong>praedictis</strong></span> <span class='ocrx_word' id='word_1_374' title='bbox 1907 3806 2105 3880; x_wconf 77' lang='lat' dir='ltr'><strong>carris,</strong></span> <span class='ocrx_word' id='word_1_375' title='bbox 2137 3827 2332 3886; x_wconf 89' lang='lat' dir='ltr'><strong>usque</strong></span> <span class='ocrx_word' id='word_1_376' title='bbox 2359 3807 2700 3888; x_wconf 64' lang='lat' dir='ltr'><strong>Huehmt,</strong></span> <span class='ocrx_word' id='word_1_377' title='bbox 2729 3814 2832 3893; x_wconf 86' lang='lat' dir='ltr'><strong>qui</strong></span> 
     </span>
     <span class='ocr_line' id='line_1_42' title="bbox 548 3885 2830 3973; baseline 0.003 -24"><span class='ocrx_word' id='word_1_378' title='bbox 548 3887 797 3967; x_wconf 90' lang='lat' dir='ltr'><strong>quidem</strong></span> <span class='ocrx_word' id='word_1_379' title='bbox 824 3888 990 3950; x_wconf 86' lang='lat' dir='ltr'><strong>locus</strong></span> <span class='ocrx_word' id='word_1_380' title='bbox 1020 3897 1113 3950; x_wconf 86' lang='lat' dir='ltr'><strong>est</strong></span> <span class='ocrx_word' id='word_1_381' title='bbox 1139 3889 1205 3949; x_wconf 90' lang='lat' dir='ltr'><strong>in</strong></span> <span class='ocrx_word' id='word_1_382' title='bbox 1234 3887 1413 3950; x_wconf 81' lang='lat' dir='ltr'><strong>feodo</strong></span> <span class='ocrx_word' id='word_1_383' title='bbox 1441 3935 1455 3949; x_wconf 92' lang='lat'><strong>.</strong></span> <span class='ocrx_word' id='word_1_384' title='bbox 1491 3935 1505 3948; x_wconf 90' lang='lat'>.</span> <span class='ocrx_word' id='word_1_385' title='bbox 1539 3936 1553 3950; x_wconf 89' lang='lat'><strong>.</strong></span> <span class='ocrx_word' id='word_1_386' title='bbox 1589 3885 1828 3968; x_wconf 88' lang='lat' dir='ltr'><strong>[ipsius]</strong></span> <span class='ocrx_word' id='word_1_387' title='bbox 1859 3886 2102 3949; x_wconf 86' lang='lat' dir='ltr'><strong>Prioris.</strong></span> <span class='ocrx_word' id='word_1_388' title='bbox 2174 3887 2258 3948; x_wconf 87' lang='lat' dir='ltr'><strong>Et</strong></span> <span class='ocrx_word' id='word_1_389' title='bbox 2282 3889 2398 3969; x_wconf 85' lang='lat' dir='ltr'><strong>ipsi</strong></span> <span class='ocrx_word' id='word_1_390' title='bbox 2427 3889 2646 3952; x_wconf 83' lang='lat' dir='ltr'><strong>dieunt</strong></span> <span class='ocrx_word' id='word_1_391' title='bbox 2670 3895 2830 3973; x_wconf 85' lang='lat' dir='ltr'><strong>quod</strong></span> 
     </span>
     <span class='ocr_line' id='line_1_43' title="bbox 547 3967 2830 4050; baseline 0.003 -20"><span class='ocrx_word' id='word_1_392' title='bbox 547 3978 820 4031; x_wconf 83' lang='lat' dir='ltr'><strong>recenter</strong></span> <span class='ocrx_word' id='word_1_393' title='bbox 834 3970 1247 4050; x_wconf 72' lang='lat' dir='ltr'><strong>sequebantur</strong></span> <span class='ocrx_word' id='word_1_394' title='bbox 1266 3968 1542 4030; x_wconf 85' lang='lat' dir='ltr'><strong>homines</strong></span> <span class='ocrx_word' id='word_1_395' title='bbox 1564 3967 1752 4046; x_wconf 87' lang='lat' dir='ltr'><strong>ipsius</strong></span> <span class='ocrx_word' id='word_1_396' title='bbox 1769 3968 2032 4029; x_wconf 76' lang='lat' dir='ltr'><strong>Abbatis</strong></span> <span class='ocrx_word' id='word_1_397' title='bbox 2052 3977 2116 4030; x_wconf 88' lang='lat' dir='ltr'><strong>et</strong></span> <span class='ocrx_word' id='word_1_398' title='bbox 2135 3968 2299 4048; x_wconf 85' lang='lat' dir='ltr'><strong>ipsos</strong></span> <span class='ocrx_word' id='word_1_399' title='bbox 2317 3975 2752 4048; x_wconf 76' lang='lat' dir='ltr'><strong>ar[r]estarunt</strong></span> <span class='ocrx_word' id='word_1_400' title='bbox 2769 3976 2830 4036; x_wconf 88' lang='lat' dir='ltr'><strong>in</strong></span> 
     </span>
     <span class='ocr_line' id='line_1_44' title="bbox 548 4048 2832 4132; baseline 0.002 -19"><span class='ocrx_word' id='word_1_401' title='bbox 548 4051 760 4113; x_wconf 89' lang='lat' dir='ltr'><strong>eodem</strong></span> <span class='ocrx_word' id='word_1_402' title='bbox 802 4051 933 4113; x_wconf 85' lang='lat' dir='ltr'><strong>loeo</strong></span> <span class='ocrx_word' id='word_1_403' title='bbox 972 4051 1049 4112; x_wconf 89' lang='lat' dir='ltr'><strong>de</strong></span> <span class='ocrx_word' id='word_1_404' title='bbox 1093 4050 1442 4129; x_wconf 81' lang='lat' dir='ltr'><strong>Huehyrst:</strong></span> <span class='ocrx_word' id='word_1_405' title='bbox 1489 4048 1573 4109; x_wconf 87' lang='lat' dir='ltr'><strong>Et</strong></span> <span class='ocrx_word' id='word_1_406' title='bbox 1598 4048 1810 4109; x_wconf 88' lang='lat' dir='ltr'><strong>dicunt</strong></span> <span class='ocrx_word' id='word_1_407' title='bbox 1848 4049 2011 4128; x_wconf 90' lang='lat' dir='ltr'><strong>quod</strong></span> <span class='ocrx_word' id='word_1_408' title='bbox 2039 4049 2312 4112; x_wconf 85' lang='lat' dir='ltr'><strong>homines</strong></span> <span class='ocrx_word' id='word_1_409' title='bbox 2353 4052 2547 4132; x_wconf 82' lang='lat' dir='ltr'><strong>ipsius</strong></span> <span class='ocrx_word' id='word_1_410' title='bbox 2573 4054 2832 4118; x_wconf 63' lang='lat' dir='ltr'><strong>Abbafis</strong></span> 
     </span>
     <span class='ocr_line' id='line_1_45' title="bbox 548 4129 2826 4228; baseline 0.003 -35"><span class='ocrx_word' id='word_1_411' title='bbox 548 4132 926 4227; x_wconf 80' lang='lat' dir='ltr'><strong>reliquerunt</strong></span> <span class='ocrx_word' id='word_1_412' title='bbox 952 4132 1271 4227; x_wconf 63' lang='lat' dir='ltr'><strong>praedictos</strong></span> <span class='ocrx_word' id='word_1_413' title='bbox 1297 4151 1495 4226; x_wconf 73' lang='lat' dir='ltr'><strong>carros</strong></span> <span class='ocrx_word' id='word_1_414' title='bbox 1520 4155 1533 4192; x_wconf 75' lang='grc' dir='ltr'>ε</span> <span class='ocrx_word' id='word_1_415' title='bbox 1577 4129 1661 4190; x_wconf 92' lang='lat' dir='ltr'><strong>Et</strong></span> <span class='ocrx_word' id='word_1_416' title='bbox 1686 4129 1900 4191; x_wconf 85' lang='lat' dir='ltr'><strong>dicunt</strong></span> <span class='ocrx_word' id='word_1_417' title='bbox 1925 4131 2091 4225; x_wconf 70' lang='lat' dir='ltr'><strong>quod</strong></span> <span class='ocrx_word' id='word_1_418' title='bbox 2120 4132 2235 4226; x_wconf 76' lang='lat' dir='ltr'><strong>ipsi</strong></span> <span class='ocrx_word' id='word_1_419' title='bbox 2265 4134 2586 4228; x_wconf 66' lang='lat' dir='ltr'><strong>praedictos</strong></span> <span class='ocrx_word' id='word_1_420' title='bbox 2613 4156 2826 4212; x_wconf 68' lang='lat' dir='ltr'><strong>carros,</strong></span> 
     </span>
     <span class='ocr_line' id='line_1_46' title="bbox 544 4211 2830 4376; baseline 0.002 -21"><span class='ocrx_word' id='word_1_421' title='bbox 544 4232 1031 4357; x_wconf 53' lang='lat'><strong>23:4231222‘1-335</strong></span> <span class='ocrx_word' id='word_1_422' title='bbox 1049 4211 2830 4376; x_wconf 52' lang='lat' dir='ltr'><strong>1:5333132‘333’233133931”ffsszffifflpssffiussssffiff</strong></span> 
     </span>
     <span class='ocr_line' id='line_1_47' title="bbox 544 4373 2826 4461; baseline 0.004 -27"><span class='ocrx_word' id='word_1_423' title='bbox 544 4375 905 4450; x_wconf 75' lang='lat' dir='ltr'><strong>Byldesdele</strong></span> <span class='ocrx_word' id='word_1_424' title='bbox 946 4376 1273 4442; x_wconf 87' lang='lat' dir='ltr'><strong>duxerunt.</strong></span> <span class='ocrx_word' id='word_1_425' title='bbox 1360 4375 1442 4436; x_wconf 88' lang='lat' dir='ltr'><strong>Et</strong></span> <span class='ocrx_word' id='word_1_426' title='bbox 1476 4374 1676 4454; x_wconf 84' lang='lat' dir='ltr'><strong>quoad</strong></span> <span class='ocrx_word' id='word_1_427' title='bbox 1719 4373 1848 4449; x_wconf 83' lang='lat' dir='ltr'><strong>hoe,</strong></span> <span class='ocrx_word' id='word_1_428' title='bbox 1881 4374 2046 4453; x_wconf 90' lang='lat' dir='ltr'><strong>quod</strong></span> <span class='ocrx_word' id='word_1_429' title='bbox 2087 4375 2412 4456; x_wconf 83' lang='lat' dir='ltr'><strong>praedietus</strong></span> <span class='ocrx_word' id='word_1_430' title='bbox 2440 4379 2653 4441; x_wconf 74' lang='lat' dir='ltr'><strong>Abbes</strong></span> <span class='ocrx_word' id='word_1_431' title='bbox 2692 4401 2826 4461; x_wconf 85' lang='lat' dir='ltr'><strong>que·</strong></span> 
     </span>
    </p>
   </div>
  </div>
 </body>
</html>
