<?xml version="1.0" encoding="UTF-8"?>
<!DOCTYPE html PUBLIC "-//W3C//DTD XHTML 1.0 Transitional//EN"
    "http://www.w3.org/TR/xhtml1/DTD/xhtml1-transitional.dtd">
<html xmlns="http://www.w3.org/1999/xhtml" xml:lang="en" lang="en">
 <head>
  <title>
</title>
<meta http-equiv="Content-Type" content="text/html;charset=utf-8" />
  <meta name='ocr-system' content='tesseract 3.04.00' />
  <meta name='ocr-capabilities' content='ocr_page ocr_carea ocr_par ocr_line ocrx_word'/>
</head>
<body>
  <div class='ocr_page' id='page_1' title='image "./cartulariumabba00atkigoog_0486.png"; bbox 0 0 3075 5009; ppageno 0'>
   <div class='ocr_carea' id='block_1_1' title="bbox 1183 488 2513 549">
    <p class='ocr_par' dir='ltr' id='par_1_1' title="bbox 1183 488 2513 549">
     <span class='ocr_line' id='line_1_1' title="bbox 1183 488 2513 549; baseline -0.001 0"><span class='ocrx_word' id='word_1_1' title='bbox 1183 500 1536 549; x_wconf 77' lang='lat' dir='ltr'><strong>APPENDIX.</strong></span> <span class='ocrx_word' id='word_1_2' title='bbox 2386 488 2513 549; x_wconf 80' lang='grc'><strong>363</strong></span> 
     </span>
    </p>
   </div>
   <div class='ocr_carea' id='block_1_2' title="bbox 205 652 2516 2608">
    <p class='ocr_par' dir='ltr' id='par_1_2' title="bbox 205 652 2516 2608">
     <span class='ocr_line' id='line_1_2' title="bbox 224 652 2516 737; baseline 0.002 -22"><span class='ocrx_word' id='word_1_3' title='bbox 224 661 452 717; x_wconf 84' lang='lat' dir='ltr'><strong>verunt</strong></span> <span class='ocrx_word' id='word_1_4' title='bbox 479 654 766 717; x_wconf 87' lang='lat' dir='ltr'><strong>instituta</strong></span> <span class='ocrx_word' id='word_1_5' title='bbox 785 676 822 717; x_wconf 92' lang='lat' dir='ltr'><strong>a</strong></span> <span class='ocrx_word' id='word_1_6' title='bbox 847 652 1386 736; x_wconf 80' lang='lat' dir='ltr'><strong>proedecessoribus</strong></span> <span class='ocrx_word' id='word_1_7' title='bbox 1407 657 1635 718; x_wconf 87' lang='lat' dir='ltr'><strong>nostris</strong></span> <span class='ocrx_word' id='word_1_8' title='bbox 1664 656 1811 717; x_wconf 89' lang='lat' dir='ltr'><strong>satis</strong></span> <span class='ocrx_word' id='word_1_9' title='bbox 1838 655 2183 733; x_wconf 82' lang='lat' dir='ltr'><strong>manifesta,</strong></span> <span class='ocrx_word' id='word_1_10' title='bbox 2206 656 2353 737; x_wconf 91' lang='lat' dir='ltr'><strong>quia</strong></span> <span class='ocrx_word' id='word_1_11' title='bbox 2372 656 2516 719; x_wconf 87' lang='lat' dir='ltr'><strong>inde</strong></span> 
     </span>
     <span class='ocr_line' id='line_1_3' title="bbox 223 736 2516 819; baseline 0.002 -22"><span class='ocrx_word' id='word_1_12' title='bbox 223 754 386 815; x_wconf 81' lang='lat' dir='ltr'><strong>saepe</strong></span> <span class='ocrx_word' id='word_1_13' title='bbox 425 744 568 815; x_wconf 92' lang='lat' dir='ltr'><strong>post</strong></span> <span class='ocrx_word' id='word_1_14' title='bbox 605 736 728 813; x_wconf 85' lang='lat' dir='ltr'><strong>illa,</strong></span> <span class='ocrx_word' id='word_1_15' title='bbox 758 756 869 817; x_wconf 90' lang='lat' dir='ltr'><strong>per</strong></span> <span class='ocrx_word' id='word_1_16' title='bbox 908 737 1106 819; x_wconf 84' lang='lat' dir='ltr'><strong>longoe</strong></span> <span class='ocrx_word' id='word_1_17' title='bbox 1144 738 1498 801; x_wconf 79' lang='lat' dir='ltr'><strong>ambitionis</strong></span> <span class='ocrx_word' id='word_1_18' title='bbox 1535 737 1874 813; x_wconf 76' lang='lat' dir='ltr'><strong>audaciam,</strong></span> <span class='ocrx_word' id='word_1_19' title='bbox 2024 758 2161 800; x_wconf 84' lang='lat' dir='ltr'><strong>vem</strong></span> <span class='ocrx_word' id='word_1_20' title='bbox 2202 758 2380 819; x_wconf 89' lang='lat' dir='ltr'><strong>passa</strong></span> <span class='ocrx_word' id='word_1_21' title='bbox 2420 748 2516 801; x_wconf 89' lang='lat' dir='ltr'><strong>est</strong></span> 
     </span>
     <span class='ocr_line' id='line_1_4' title="bbox 219 817 2515 893; baseline 0.001 -14"><span class='ocrx_word' id='word_1_22' title='bbox 219 817 545 879; x_wconf 75' lang='lat' dir='ltr'><strong>scissuram</strong></span> <span class='ocrx_word' id='word_1_23' title='bbox 597 818 1096 893; x_wconf 86' lang='lat' dir='ltr'><strong>Ecclesia—Nos,</strong></span> <span class='ocrx_word' id='word_1_24' title='bbox 1155 819 1233 881; x_wconf 90' lang='lat' dir='ltr'><strong>ad</strong></span> <span class='ocrx_word' id='word_1_25' title='bbox 1275 819 1504 881; x_wconf 88' lang='lat' dir='ltr'><strong>malum</strong></span> <span class='ocrx_word' id='word_1_26' title='bbox 1548 819 1664 881; x_wconf 92' lang='lat' dir='ltr'><strong>hoc</strong></span> <span class='ocrx_word' id='word_1_27' title='bbox 1707 820 1911 881; x_wconf 81' lang='lat' dir='ltr'><strong>evitan</strong></span> <span class='ocrx_word' id='word_1_28' title='bbox 1958 840 2081 893; x_wconf 89' lang='lat' dir='ltr'><strong>um,</strong></span> <span class='ocrx_word' id='word_1_29' title='bbox 2130 818 2207 881; x_wconf 93' lang='lat' dir='ltr'><strong>de</strong></span> <span class='ocrx_word' id='word_1_30' title='bbox 2264 819 2515 881; x_wconf 90' lang='lat' dir='ltr'><strong>consilio</strong></span> 
     </span>
     <span class='ocr_line' id='line_1_5' title="bbox 223 897 2513 981; baseline 0.002 -22"><span class='ocrx_word' id='word_1_31' title='bbox 223 897 488 961; x_wconf 77' lang='lat' dir='ltr'><strong>fratrum</strong></span> <span class='ocrx_word' id='word_1_32' title='bbox 503 908 852 961; x_wconf 89' lang='lat' dir='ltr'><strong>nostrorum</strong></span> <span class='ocrx_word' id='word_1_33' title='bbox 869 906 935 963; x_wconf 89' lang='lat' dir='ltr'><strong>et</strong></span> <span class='ocrx_word' id='word_1_34' title='bbox 949 901 1104 963; x_wconf 84' lang='lat' dir='ltr'><strong>sacri</strong></span> <span class='ocrx_word' id='word_1_35' title='bbox 1125 901 1565 981; x_wconf 79' lang='lat' dir='ltr'><strong>approbatione</strong></span> <span class='ocrx_word' id='word_1_36' title='bbox 1584 900 1861 975; x_wconf 88' lang='lat' dir='ltr'><strong>Concilii,</strong></span> <span class='ocrx_word' id='word_1_37' title='bbox 1880 900 2114 981; x_wconf 87' lang='lat' dir='ltr'><strong>aliquid</strong></span> <span class='ocrx_word' id='word_1_38' title='bbox 2133 900 2513 964; x_wconf 81' lang='lat' dir='ltr'><strong>decrevimus</strong></span> 
     </span>
     <span class='ocr_line' id='line_1_6' title="bbox 220 979 2513 1063; baseline 0.001 -22"><span class='ocrx_word' id='word_1_39' title='bbox 220 979 701 1062; x_wconf 81' lang='lat' dir='ltr'><strong>adjungendum.</strong></span> <span class='ocrx_word' id='word_1_40' title='bbox 791 981 1110 1044; x_wconf 85' lang='lat' dir='ltr'><strong>Statutum</strong></span> <span class='ocrx_word' id='word_1_41' title='bbox 1135 983 1326 1063; x_wconf 85' lang='lat' dir='ltr'><strong>igitur</strong></span> <span class='ocrx_word' id='word_1_42' title='bbox 1353 990 1440 1058; x_wconf 90' lang='lat' dir='ltr'><strong>ut,</strong></span> <span class='ocrx_word' id='word_1_43' title='bbox 1471 982 1524 1044; x_wconf 92' lang='lat' dir='ltr'><strong>si</strong></span> <span class='ocrx_word' id='word_1_44' title='bbox 1552 983 1711 1045; x_wconf 88' lang='lat' dir='ltr'><strong>forte</strong></span> <span class='ocrx_word' id='word_1_45' title='bbox 1738 983 1983 1043; x_wconf 90' lang='lat' dir='ltr'><strong>inimico</strong></span> <span class='ocrx_word' id='word_1_46' title='bbox 2020 981 2267 1045; x_wconf 90' lang='lat' dir='ltr'><strong>homine</strong></span> <span class='ocrx_word' id='word_1_47' title='bbox 2307 1002 2513 1063; x_wconf 90' lang='lat' dir='ltr'><strong>super-</strong></span> 
     </span>
     <span class='ocr_line' id='line_1_7' title="bbox 218 1062 2512 1139; baseline 0.001 -16"><span class='ocrx_word' id='word_1_48' title='bbox 218 1062 560 1125; x_wconf 76' lang='lat' dir='ltr'><strong>seminante</strong></span> <span class='ocrx_word' id='word_1_49' title='bbox 614 1062 908 1125; x_wconf 82' lang='lat' dir='ltr'><strong>zizaniam</strong></span> <span class='ocrx_word' id='word_1_50' title='bbox 975 1064 1140 1125; x_wconf 89' lang='lat' dir='ltr'><strong>inter</strong></span> <span class='ocrx_word' id='word_1_51' title='bbox 1192 1062 1544 1139; x_wconf 76' lang='lat' dir='ltr'><strong>cardinales,</strong></span> <span class='ocrx_word' id='word_1_52' title='bbox 1602 1063 1681 1125; x_wconf 91' lang='lat' dir='ltr'><strong>de</strong></span> <span class='ocrx_word' id='word_1_53' title='bbox 1733 1063 2161 1127; x_wconf 89' lang='lat' dir='ltr'><strong>substituendo</strong></span> <span class='ocrx_word' id='word_1_54' title='bbox 2214 1062 2512 1126; x_wconf 87' lang='lat' dir='ltr'><strong>Pontifice</strong></span> 
     </span>
     <span class='ocr_line' id='line_1_8' title="bbox 218 1142 2513 1225; baseline 0 -21"><span class='ocrx_word' id='word_1_55' title='bbox 218 1142 403 1223; x_wconf 90' lang='lat' dir='ltr'><strong>plena</strong></span> <span class='ocrx_word' id='word_1_56' title='bbox 427 1164 554 1205; x_wconf 91' lang='lat' dir='ltr'><strong>non</strong></span> <span class='ocrx_word' id='word_1_57' title='bbox 585 1144 814 1224; x_wconf 89' lang='lat' dir='ltr'><strong>poterit</strong></span> <span class='ocrx_word' id='word_1_58' title='bbox 854 1164 984 1207; x_wconf 90' lang='lat' dir='ltr'><strong>esse</strong></span> <span class='ocrx_word' id='word_1_59' title='bbox 1027 1145 1362 1221; x_wconf 88' lang='lat' dir='ltr'><strong>concordia,</strong></span> <span class='ocrx_word' id='word_1_60' title='bbox 1393 1153 1472 1221; x_wconf 90' lang='lat' dir='ltr'><strong>et,</strong></span> <span class='ocrx_word' id='word_1_61' title='bbox 1504 1144 1744 1207; x_wconf 91' lang='lat' dir='ltr'><strong>duabus</strong></span> <span class='ocrx_word' id='word_1_62' title='bbox 1785 1144 2058 1225; x_wconf 88' lang='lat' dir='ltr'><strong>partibus</strong></span> <span class='ocrx_word' id='word_1_63' title='bbox 2100 1144 2513 1207; x_wconf 90' lang='lat' dir='ltr'><strong>concordanti-</strong></span> 
     </span>
     <span class='ocr_line' id='line_1_9' title="bbox 215 1224 2513 1307; baseline 0.001 -22"><span class='ocrx_word' id='word_1_64' title='bbox 215 1224 351 1300; x_wconf 90' lang='lat' dir='ltr'><strong>bus,</strong></span> <span class='ocrx_word' id='word_1_65' title='bbox 383 1225 567 1287; x_wconf 87' lang='lat' dir='ltr'><strong>tertia</strong></span> <span class='ocrx_word' id='word_1_66' title='bbox 605 1246 748 1306; x_wconf 90' lang='lat' dir='ltr'><strong>pars</strong></span> <span class='ocrx_word' id='word_1_67' title='bbox 787 1226 1150 1289; x_wconf 86' lang='lat' dir='ltr'><strong>concordare</strong></span> <span class='ocrx_word' id='word_1_68' title='bbox 1189 1226 1404 1302; x_wconf 89' lang='lat' dir='ltr'><strong>noluit,</strong></span> <span class='ocrx_word' id='word_1_69' title='bbox 1450 1236 1561 1288; x_wconf 89' lang='lat' dir='ltr'><strong>aut</strong></span> <span class='ocrx_word' id='word_1_70' title='bbox 1600 1225 1789 1288; x_wconf 87' lang='lat' dir='ltr'><strong>alium</strong></span> <span class='ocrx_word' id='word_1_71' title='bbox 1830 1226 2147 1288; x_wconf 90' lang='lat' dir='ltr'><strong>nominare</strong></span> <span class='ocrx_word' id='word_1_72' title='bbox 2187 1246 2513 1307; x_wconf 83' lang='lat' dir='ltr'><strong>praesump-</strong></span> 
     </span>
     <span class='ocr_line' id='line_1_10' title="bbox 215 1306 2511 1389; baseline 0.001 -23"><span class='ocrx_word' id='word_1_73' title='bbox 215 1306 386 1381; x_wconf 87' lang='lat' dir='ltr'><strong>serit,</strong></span> <span class='ocrx_word' id='word_1_74' title='bbox 417 1306 521 1368; x_wconf 88' lang='lat' dir='ltr'><strong>ille</strong></span> <span class='ocrx_word' id='word_1_75' title='bbox 549 1306 628 1367; x_wconf 90' lang='lat' dir='ltr'><strong>ab</strong></span> <span class='ocrx_word' id='word_1_76' title='bbox 655 1307 941 1369; x_wconf 84' lang='lat' dir='ltr'><strong>universa</strong></span> <span class='ocrx_word' id='word_1_77' title='bbox 965 1308 1298 1389; x_wconf 85' lang='lat' dir='ltr'><strong>recipiatur</strong></span> <span class='ocrx_word' id='word_1_78' title='bbox 1321 1307 1595 1370; x_wconf 82' lang='lat' dir='ltr'><strong>Ecclesia</strong></span> <span class='ocrx_word' id='word_1_79' title='bbox 1620 1314 1685 1369; x_wconf 88' lang='lat' dir='ltr'><strong>et</strong></span> <span class='ocrx_word' id='word_1_80' title='bbox 1716 1308 2012 1370; x_wconf 89' lang='lat' dir='ltr'><strong>habeatur</strong></span> <span class='ocrx_word' id='word_1_81' title='bbox 2038 1308 2375 1388; x_wconf 83' lang='lat' dir='ltr'><strong>Episcopus</strong></span> <span class='ocrx_word' id='word_1_82' title='bbox 2402 1308 2511 1387; x_wconf 91' lang='lat' dir='ltr'><strong>qui</strong></span> 
     </span>
     <span class='ocr_line' id='line_1_11' title="bbox 215 1386 2508 1470; baseline 0 -22"><span class='ocrx_word' id='word_1_83' title='bbox 215 1408 256 1449; x_wconf 89' lang='lat' dir='ltr'><strong>a</strong></span> <span class='ocrx_word' id='word_1_84' title='bbox 295 1386 536 1449; x_wconf 85' lang='lat' dir='ltr'><strong>duabus</strong></span> <span class='ocrx_word' id='word_1_85' title='bbox 577 1388 854 1468; x_wconf 89' lang='lat' dir='ltr'><strong>partibus</strong></span> <span class='ocrx_word' id='word_1_86' title='bbox 895 1388 1124 1451; x_wconf 89' lang='lat' dir='ltr'><strong>electus</strong></span> <span class='ocrx_word' id='word_1_87' title='bbox 1163 1389 1352 1452; x_wconf 81' lang='lat' dir='ltr'><strong>fuerit</strong></span> <span class='ocrx_word' id='word_1_88' title='bbox 1393 1397 1458 1451; x_wconf 90' lang='lat' dir='ltr'><strong>et</strong></span> <span class='ocrx_word' id='word_1_89' title='bbox 1495 1395 1792 1470; x_wconf 88' lang='lat' dir='ltr'><strong>receptus.</strong></span> <span class='ocrx_word' id='word_1_90' title='bbox 1881 1388 1949 1450; x_wconf 87' lang='lat' dir='ltr'><strong>Si</strong></span> <span class='ocrx_word' id='word_1_91' title='bbox 1995 1390 2135 1469; x_wconf 91' lang='lat' dir='ltr'><strong>quis</strong></span> <span class='ocrx_word' id='word_1_92' title='bbox 2181 1397 2389 1452; x_wconf 90' lang='lat' dir='ltr'><strong>autem</strong></span> <span class='ocrx_word' id='word_1_93' title='bbox 2430 1388 2508 1450; x_wconf 91' lang='lat' dir='ltr'><strong>de</strong></span> 
     </span>
     <span class='ocr_line' id='line_1_12' title="bbox 217 1469 2509 1551; baseline -0 -21"><span class='ocrx_word' id='word_1_94' title='bbox 217 1470 418 1530; x_wconf 75' lang='lat' dir='ltr'><strong>tertiae</strong></span> <span class='ocrx_word' id='word_1_95' title='bbox 459 1469 652 1549; x_wconf 88' lang='lat' dir='ltr'><strong>partis</strong></span> <span class='ocrx_word' id='word_1_96' title='bbox 691 1469 1108 1533; x_wconf 84' lang='lat' dir='ltr'><strong>nominatione</strong></span> <span class='ocrx_word' id='word_1_97' title='bbox 1134 1471 1280 1551; x_wconf 92' lang='lat' dir='ltr'><strong>quia</strong></span> <span class='ocrx_word' id='word_1_98' title='bbox 1321 1514 1340 1531; x_wconf 92' lang='lat'>.</span> <span class='ocrx_word' id='word_1_99' title='bbox 1381 1516 1396 1532; x_wconf 90' lang='lat'><strong>.</strong></span> <span class='ocrx_word' id='word_1_100' title='bbox 1441 1517 1456 1532; x_wconf 91' lang='lat'><strong>.</strong></span> <span class='ocrx_word' id='word_1_101' title='bbox 1485 1471 1508 1511; x_wconf 83' lang='lat'>¹</span> <span class='ocrx_word' id='word_1_102' title='bbox 1537 1490 1761 1532; x_wconf 92' lang='lat' dir='ltr'><strong>nomen</strong></span> <span class='ocrx_word' id='word_1_103' title='bbox 1782 1470 2047 1551; x_wconf 86' lang='lat' dir='ltr'><strong>episcopi</strong></span> <span class='ocrx_word' id='word_1_104' title='bbox 2074 1470 2191 1533; x_wconf 89' lang='lat' dir='ltr'><strong>sibi</strong></span> <span class='ocrx_word' id='word_1_105' title='bbox 2218 1490 2509 1551; x_wconf 83' lang='lat' dir='ltr'><strong>usurpav-</strong></span> 
     </span>
     <span class='ocr_line' id='line_1_13' title="bbox 215 1550 2509 1633; baseline 0.001 -23"><span class='ocrx_word' id='word_1_106' title='bbox 215 1550 354 1625; x_wconf 89' lang='lat' dir='ltr'><strong>erit,</strong></span> <span class='ocrx_word' id='word_1_107' title='bbox 398 1557 526 1611; x_wconf 87' lang='lat' dir='ltr'><strong>tam</strong></span> <span class='ocrx_word' id='word_1_108' title='bbox 573 1550 694 1630; x_wconf 91' lang='lat' dir='ltr'><strong>ipsi</strong></span> <span class='ocrx_word' id='word_1_109' title='bbox 741 1570 926 1631; x_wconf 88' lang='lat' dir='ltr'><strong>quam</strong></span> <span class='ocrx_word' id='word_1_110' title='bbox 967 1552 1074 1632; x_wconf 90' lang='lat' dir='ltr'><strong>qui</strong></span> <span class='ocrx_word' id='word_1_111' title='bbox 1117 1572 1258 1613; x_wconf 89' lang='lat' dir='ltr'><strong>eum</strong></span> <span class='ocrx_word' id='word_1_112' title='bbox 1297 1559 1659 1633; x_wconf 88' lang='lat' dir='ltr'><strong>receperunt</strong></span> <span class='ocrx_word' id='word_1_113' title='bbox 1706 1551 2321 1613; x_wconf 82' lang='lat' dir='ltr'><strong>excommunicationi</strong></span> <span class='ocrx_word' id='word_1_114' title='bbox 2370 1552 2509 1613; x_wconf 90' lang='lat' dir='ltr'><strong>sub-</strong></span> 
     </span>
     <span class='ocr_line' id='line_1_14' title="bbox 211 1631 2508 1713; baseline 0.001 -22"><span class='ocrx_word' id='word_1_115' title='bbox 211 1631 459 1710; x_wconf 85' lang='lat' dir='ltr'><strong>jaceant</strong></span> <span class='ocrx_word' id='word_1_116' title='bbox 485 1638 550 1693; x_wconf 90' lang='lat' dir='ltr'><strong>et</strong></span> <span class='ocrx_word' id='word_1_117' title='bbox 577 1632 768 1694; x_wconf 84' lang='lat' dir='ltr'><strong>totius</strong></span> <span class='ocrx_word' id='word_1_118' title='bbox 795 1632 1048 1694; x_wconf 89' lang='lat' dir='ltr'><strong>secundi</strong></span> <span class='ocrx_word' id='word_1_119' title='bbox 1073 1632 1304 1695; x_wconf 88' lang='lat' dir='ltr'><strong>ordinis</strong></span> <span class='ocrx_word' id='word_1_120' title='bbox 1333 1633 1677 1713; x_wconf 82' lang='lat' dir='ltr'><strong>privatione</strong></span> <span class='ocrx_word' id='word_1_121' title='bbox 1702 1632 2061 1709; x_wconf 88' lang='lat' dir='ltr'><strong>multentur,</strong></span> <span class='ocrx_word' id='word_1_122' title='bbox 2095 1634 2185 1695; x_wconf 91' lang='lat' dir='ltr'><strong>ita</strong></span> <span class='ocrx_word' id='word_1_123' title='bbox 2220 1641 2294 1694; x_wconf 89' lang='lat' dir='ltr'><strong>ut</strong></span> <span class='ocrx_word' id='word_1_124' title='bbox 2320 1632 2508 1695; x_wconf 89' lang='lat' dir='ltr'><strong>etiam</strong></span> 
     </span>
     <span class='ocr_line' id='line_1_15' title="bbox 211 1711 2509 1795; baseline 0.001 -23"><span class='ocrx_word' id='word_1_125' title='bbox 211 1711 440 1787; x_wconf 82' lang='lat' dir='ltr'><strong>viatici,</strong></span> <span class='ocrx_word' id='word_1_126' title='bbox 485 1713 604 1774; x_wconf 86' lang='lat' dir='ltr'><strong>nisi</strong></span> <span class='ocrx_word' id='word_1_127' title='bbox 643 1720 890 1775; x_wconf 87' lang='lat' dir='ltr'><strong>tantum</strong></span> <span class='ocrx_word' id='word_1_128' title='bbox 929 1713 996 1775; x_wconf 90' lang='lat' dir='ltr'><strong>in</strong></span> <span class='ocrx_word' id='word_1_129' title='bbox 1037 1714 1286 1790; x_wconf 82' lang='lat' dir='ltr'><strong>ultimis,</strong></span> <span class='ocrx_word' id='word_1_130' title='bbox 1331 1714 1679 1777; x_wconf 88' lang='lat' dir='ltr'><strong>communio</strong></span> <span class='ocrx_word' id='word_1_131' title='bbox 1732 1715 1821 1777; x_wconf 91' lang='lat' dir='ltr'><strong>eis</strong></span> <span class='ocrx_word' id='word_1_132' title='bbox 1866 1714 2217 1795; x_wconf 85' lang='lat' dir='ltr'><strong>denegetur,</strong></span> <span class='ocrx_word' id='word_1_133' title='bbox 2262 1721 2344 1791; x_wconf 90' lang='lat' dir='ltr'><strong>et,</strong></span> <span class='ocrx_word' id='word_1_134' title='bbox 2388 1714 2509 1775; x_wconf 92' lang='lat' dir='ltr'><strong>nisi</strong></span> 
     </span>
     <span class='ocr_line' id='line_1_16' title="bbox 211 1793 2501 1876; baseline 0.001 -21"><span class='ocrx_word' id='word_1_135' title='bbox 211 1793 599 1874; x_wconf 81' lang='lat' dir='ltr'><strong>resipuerint,</strong></span> <span class='ocrx_word' id='word_1_136' title='bbox 646 1814 786 1856; x_wconf 89' lang='lat' dir='ltr'><strong>cum</strong></span> <span class='ocrx_word' id='word_1_137' title='bbox 825 1794 1034 1857; x_wconf 88' lang='lat' dir='ltr'><strong>Datan</strong></span> <span class='ocrx_word' id='word_1_138' title='bbox 1075 1804 1141 1857; x_wconf 90' lang='lat' dir='ltr'><strong>et</strong></span> <span class='ocrx_word' id='word_1_139' title='bbox 1193 1796 1468 1872; x_wconf 88' lang='lat' dir='ltr'><strong>Abiram,</strong></span> <span class='ocrx_word' id='word_1_140' title='bbox 1525 1815 1681 1876; x_wconf 90' lang='lat' dir='ltr'><strong>quos</strong></span> <span class='ocrx_word' id='word_1_141' title='bbox 1722 1804 1889 1859; x_wconf 87' lang='lat' dir='ltr'><strong>terra</strong></span> <span class='ocrx_word' id='word_1_142' title='bbox 1943 1796 2116 1858; x_wconf 83' lang='lat' dir='ltr'><strong>vivos</strong></span> <span class='ocrx_word' id='word_1_143' title='bbox 2171 1795 2501 1871; x_wconf 90' lang='lat' dir='ltr'><strong>absorbuit,</strong></span> 
     </span>
     <span class='ocr_line' id='line_1_17' title="bbox 207 1874 2507 1957; baseline 0.001 -22"><span class='ocrx_word' id='word_1_144' title='bbox 207 1874 512 1955; x_wconf 81' lang='lat' dir='ltr'><strong>recipiant</strong></span> <span class='ocrx_word' id='word_1_145' title='bbox 565 1876 923 1956; x_wconf 89' lang='lat' dir='ltr'><strong>portionem.</strong></span> <span class='ocrx_word' id='word_1_146' title='bbox 1008 1876 1298 1939; x_wconf 88' lang='lat' dir='ltr'><strong>Preterea</strong></span> <span class='ocrx_word' id='word_1_147' title='bbox 1345 1877 1398 1939; x_wconf 89' lang='lat' dir='ltr'><strong>si</strong></span> <span class='ocrx_word' id='word_1_148' title='bbox 1443 1898 1484 1939; x_wconf 88' lang='lat' dir='ltr'><strong>a</strong></span> <span class='ocrx_word' id='word_1_149' title='bbox 1529 1877 1915 1957; x_wconf 86' lang='lat' dir='ltr'><strong>paucioribus</strong></span> <span class='ocrx_word' id='word_1_150' title='bbox 1968 1877 2189 1957; x_wconf 86' lang='lat' dir='ltr'><strong>aliquis</strong></span> <span class='ocrx_word' id='word_1_151' title='bbox 2238 1896 2421 1956; x_wconf 88' lang='lat' dir='ltr'><strong>quam</strong></span> <span class='ocrx_word' id='word_1_152' title='bbox 2470 1896 2507 1937; x_wconf 92' lang='lat' dir='ltr'><strong>a</strong></span> 
     </span>
     <span class='ocr_line' id='line_1_18' title="bbox 211 1954 2505 2040; baseline 0 -23"><span class='ocrx_word' id='word_1_153' title='bbox 211 1954 452 2017; x_wconf 88' lang='lat' dir='ltr'><strong>duabus</strong></span> <span class='ocrx_word' id='word_1_154' title='bbox 480 1957 760 2037; x_wconf 91' lang='lat' dir='ltr'><strong>partibus</strong></span> <span class='ocrx_word' id='word_1_155' title='bbox 799 1958 988 2019; x_wconf 79' lang='lat' dir='ltr'><strong>fuerit</strong></span> <span class='ocrx_word' id='word_1_156' title='bbox 1027 1958 1257 2021; x_wconf 88' lang='lat' dir='ltr'><strong>electus</strong></span> <span class='ocrx_word' id='word_1_157' title='bbox 1297 1958 1376 2020; x_wconf 87' lang='lat' dir='ltr'><strong>ad</strong></span> <span class='ocrx_word' id='word_1_158' title='bbox 1406 1958 1807 2040; x_wconf 87' lang='lat' dir='ltr'><strong>Apostolatus</strong></span> <span class='ocrx_word' id='word_1_159' title='bbox 1834 1960 2113 2035; x_wconf 88' lang='lat' dir='ltr'><strong>officium,</strong></span> <span class='ocrx_word' id='word_1_160' title='bbox 2146 1958 2265 2019; x_wconf 92' lang='lat' dir='ltr'><strong>nisi</strong></span> <span class='ocrx_word' id='word_1_161' title='bbox 2304 1959 2505 2038; x_wconf 80' lang='lat' dir='ltr'><strong>major</strong></span> 
     </span>
     <span class='ocr_line' id='line_1_19' title="bbox 209 2036 2507 2121; baseline 0.001 -23"><span class='ocrx_word' id='word_1_162' title='bbox 209 2056 494 2099; x_wconf 85' lang='lat' dir='ltr'><strong>assensus</strong></span> <span class='ocrx_word' id='word_1_163' title='bbox 531 2036 656 2121; x_wconf 65' lang='lat'><strong>[3¹2]</strong></span> <span class='ocrx_word' id='word_1_164' title='bbox 699 2038 944 2101; x_wconf 84' lang='lat' dir='ltr'><strong>affuerit</strong></span> <span class='ocrx_word' id='word_1_165' title='bbox 981 2040 1082 2102; x_wconf 83' lang='lat' dir='ltr'><strong>vel</strong></span> <span class='ocrx_word' id='word_1_166' title='bbox 1121 2040 1444 2103; x_wconf 90' lang='lat' dir='ltr'><strong>concordia</strong></span> <span class='ocrx_word' id='word_1_167' title='bbox 1481 2040 1910 2116; x_wconf 71' lang='lat' dir='ltr'><strong>intercesserit,</strong></span> <span class='ocrx_word' id='word_1_168' title='bbox 1954 2040 2305 2103; x_wconf 90' lang='lat' dir='ltr'><strong>nullatenus</strong></span> <span class='ocrx_word' id='word_1_169' title='bbox 2344 2058 2507 2100; x_wconf 88' lang='lat' dir='ltr'><strong>assu·</strong></span> 
     </span>
     <span class='ocr_line' id='line_1_20' title="bbox 209 2119 2500 2202; baseline 0.001 -23"><span class='ocrx_word' id='word_1_170' title='bbox 209 2126 431 2195; x_wconf 90' lang='lat' dir='ltr'><strong>matur,</strong></span> <span class='ocrx_word' id='word_1_171' title='bbox 455 2127 521 2181; x_wconf 89' lang='lat' dir='ltr'><strong>et</strong></span> <span class='ocrx_word' id='word_1_172' title='bbox 547 2119 852 2199; x_wconf 81' lang='lat' dir='ltr'><strong>praedictae</strong></span> <span class='ocrx_word' id='word_1_173' title='bbox 871 2140 1066 2199; x_wconf 79' lang='lat' dir='ltr'><strong>poenae</strong></span> <span class='ocrx_word' id='word_1_174' title='bbox 1092 2122 1408 2202; x_wconf 81' lang='lat' dir='ltr'><strong>subjaceat</strong></span> <span class='ocrx_word' id='word_1_175' title='bbox 1426 2123 1452 2162; x_wconf 78' lang='lat'>²</span> <span class='ocrx_word' id='word_1_176' title='bbox 1477 2122 1530 2183; x_wconf 93' lang='lat' dir='ltr'><strong>si</strong></span> <span class='ocrx_word' id='word_1_177' title='bbox 1551 2122 1867 2184; x_wconf 86' lang='lat' dir='ltr'><strong>humiliter</strong></span> <span class='ocrx_word' id='word_1_178' title='bbox 1886 2122 2154 2183; x_wconf 87' lang='lat' dir='ltr'><strong>noluerit</strong></span> <span class='ocrx_word' id='word_1_179' title='bbox 2179 2120 2500 2183; x_wconf 87' lang='lat' dir='ltr'><strong>abstinere.</strong></span> 
     </span>
     <span class='ocr_line' id='line_1_21' title="bbox 207 2200 2503 2265; baseline 0.001 -4"><span class='ocrx_word' id='word_1_180' title='bbox 207 2200 310 2261; x_wconf 85' lang='lat' dir='ltr'><strong>Ex</strong></span> <span class='ocrx_word' id='word_1_181' title='bbox 349 2200 464 2261; x_wconf 91' lang='lat' dir='ltr'><strong>hoc</strong></span> <span class='ocrx_word' id='word_1_182' title='bbox 505 2208 712 2263; x_wconf 87' lang='lat' dir='ltr'><strong>tamen</strong></span> <span class='ocrx_word' id='word_1_183' title='bbox 751 2200 993 2262; x_wconf 90' lang='lat' dir='ltr'><strong>nullum</strong></span> <span class='ocrx_word' id='word_1_184' title='bbox 1034 2204 1336 2264; x_wconf 89' lang='lat' dir='ltr'><strong>canonicis</strong></span> <span class='ocrx_word' id='word_1_185' title='bbox 1389 2202 1883 2264; x_wconf 81' lang='lat' dir='ltr'><strong>institutionibus</strong></span> <span class='ocrx_word' id='word_1_186' title='bbox 1938 2211 2003 2265; x_wconf 90' lang='lat' dir='ltr'><strong>et</strong></span> <span class='ocrx_word' id='word_1_187' title='bbox 2056 2202 2191 2265; x_wconf 86' lang='lat' dir='ltr'><strong>aliis</strong></span> <span class='ocrx_word' id='word_1_188' title='bbox 2238 2201 2503 2265; x_wconf 84' lang='lat' dir='ltr'><strong>ecclesiis</strong></span> 
     </span>
     <span class='ocr_line' id='line_1_22' title="bbox 207 2280 2505 2365; baseline 0.001 -24"><span class='ocrx_word' id='word_1_189' title='bbox 207 2280 634 2361; x_wconf 80' lang='lat' dir='ltr'><strong>praejudicium</strong></span> <span class='ocrx_word' id='word_1_190' title='bbox 661 2290 1002 2363; x_wconf 87' lang='lat' dir='ltr'><strong>generetur,</strong></span> <span class='ocrx_word' id='word_1_191' title='bbox 1033 2284 1098 2345; x_wconf 92' lang='lat' dir='ltr'><strong>in</strong></span> <span class='ocrx_word' id='word_1_192' title='bbox 1127 2284 1350 2364; x_wconf 91' lang='lat' dir='ltr'><strong>quibus</strong></span> <span class='ocrx_word' id='word_1_193' title='bbox 1389 2285 1641 2364; x_wconf 84' lang='lat' dir='ltr'><strong>majoris</strong></span> <span class='ocrx_word' id='word_1_194' title='bbox 1682 2291 1747 2345; x_wconf 90' lang='lat' dir='ltr'><strong>et</strong></span> <span class='ocrx_word' id='word_1_195' title='bbox 1787 2284 2042 2345; x_wconf 90' lang='lat' dir='ltr'><strong>sanioris</strong></span> <span class='ocrx_word' id='word_1_196' title='bbox 2084 2283 2277 2365; x_wconf 86' lang='lat' dir='ltr'><strong>partis</strong></span> <span class='ocrx_word' id='word_1_197' title='bbox 2317 2282 2505 2344; x_wconf 88' lang='lat' dir='ltr'><strong>debet</strong></span> 
     </span>
     <span class='ocr_line' id='line_1_23' title="bbox 208 2362 2503 2445; baseline 0.001 -22"><span class='ocrx_word' id='word_1_198' title='bbox 208 2362 542 2443; x_wconf 72' lang='lat' dir='ltr'><strong>praevalere</strong></span> <span class='ocrx_word' id='word_1_199' title='bbox 589 2365 910 2439; x_wconf 88' lang='lat' dir='ltr'><strong>sententia,</strong></span> <span class='ocrx_word' id='word_1_200' title='bbox 962 2365 1107 2445; x_wconf 92' lang='lat' dir='ltr'><strong>quia</strong></span> <span class='ocrx_word' id='word_1_201' title='bbox 1153 2366 1318 2445; x_wconf 91' lang='lat' dir='ltr'><strong>quod</strong></span> <span class='ocrx_word' id='word_1_202' title='bbox 1365 2366 1452 2426; x_wconf 91' lang='lat' dir='ltr'><strong>eis</strong></span> <span class='ocrx_word' id='word_1_203' title='bbox 1499 2366 1567 2426; x_wconf 91' lang='lat' dir='ltr'><strong>in</strong></span> <span class='ocrx_word' id='word_1_204' title='bbox 1615 2364 1873 2426; x_wconf 88' lang='lat' dir='ltr'><strong>dubium</strong></span> <span class='ocrx_word' id='word_1_205' title='bbox 1920 2365 2159 2427; x_wconf 83' lang='lat' dir='ltr'><strong>venerit</strong></span> <span class='ocrx_word' id='word_1_206' title='bbox 2204 2365 2503 2445; x_wconf 86' lang='lat' dir='ltr'><strong>superiori</strong></span> 
     </span>
     <span class='ocr_line' id='line_1_24' title="bbox 205 2444 2501 2525; baseline 0 -20"><span class='ocrx_word' id='word_1_207' title='bbox 205 2444 441 2524; x_wconf 87' lang='lat' dir='ltr'><strong>poterit</strong></span> <span class='ocrx_word' id='word_1_208' title='bbox 464 2444 694 2525; x_wconf 79' lang='lat' dir='ltr'><strong>judicio</strong></span> <span class='ocrx_word' id='word_1_209' title='bbox 720 2445 974 2507; x_wconf 89' lang='lat' dir='ltr'><strong>definiri.</strong></span> <span class='ocrx_word' id='word_1_210' title='bbox 1065 2445 1142 2507; x_wconf 94' lang='lat' dir='ltr'><strong>In</strong></span> <span class='ocrx_word' id='word_1_211' title='bbox 1168 2446 1446 2508; x_wconf 88' lang='lat' dir='ltr'><strong>Romana</strong></span> <span class='ocrx_word' id='word_1_212' title='bbox 1470 2466 1618 2509; x_wconf 82' lang='lat' dir='ltr'><strong>vero</strong></span> <span class='ocrx_word' id='word_1_213' title='bbox 1646 2445 1834 2508; x_wconf 88' lang='lat' dir='ltr'><strong>Curia</strong></span> <span class='ocrx_word' id='word_1_214' title='bbox 1860 2453 1925 2507; x_wconf 90' lang='lat' dir='ltr'><strong>et</strong></span> <span class='ocrx_word' id='word_1_215' title='bbox 1948 2444 2220 2507; x_wconf 86' lang='lat' dir='ltr'><strong>Ecclesia</strong></span> <span class='ocrx_word' id='word_1_216' title='bbox 2242 2444 2501 2525; x_wconf 89' lang='lat' dir='ltr'><strong>speciale</strong></span> 
     </span>
     <span class='ocr_line' id='line_1_25' title="bbox 208 2524 2495 2608; baseline -0 -22"><span class='ocrx_word' id='word_1_217' title='bbox 208 2524 445 2604; x_wconf 91' lang='lat' dir='ltr'><strong>aliquid</strong></span> <span class='ocrx_word' id='word_1_218' title='bbox 473 2526 872 2589; x_wconf 89' lang='lat' dir='ltr'><strong>constituitur</strong></span> <span class='ocrx_word' id='word_1_219' title='bbox 898 2527 1045 2606; x_wconf 92' lang='lat' dir='ltr'><strong>quia</strong></span> <span class='ocrx_word' id='word_1_220' title='bbox 1076 2547 1202 2588; x_wconf 91' lang='lat' dir='ltr'><strong>non</strong></span> <span class='ocrx_word' id='word_1_221' title='bbox 1223 2534 1428 2608; x_wconf 90' lang='lat' dir='ltr'><strong>potest</strong></span> <span class='ocrx_word' id='word_1_222' title='bbox 1453 2527 1532 2589; x_wconf 91' lang='lat' dir='ltr'><strong>ad</strong></span> <span class='ocrx_word' id='word_1_223' title='bbox 1562 2527 1935 2607; x_wconf 90' lang='lat' dir='ltr'><strong>superiorem</strong></span> <span class='ocrx_word' id='word_1_224' title='bbox 1962 2546 2241 2589; x_wconf 86' lang='lat' dir='ltr'><strong>recursus</strong></span> <span class='ocrx_word' id='word_1_225' title='bbox 2267 2526 2495 2589; x_wconf 86' lang='lat' dir='ltr'><strong>haberi.</strong></span> 
     </span>
    </p>
   </div>
   <div class='ocr_carea' id='block_1_3' title="bbox 195 2687 2501 3745">
    <p class='ocr_par' dir='ltr' id='par_1_3' title="bbox 195 2687 2501 3745">
     <span class='ocr_line' id='line_1_26' title="bbox 287 2687 2501 2764; baseline 0 -15"><span class='ocrx_word' id='word_1_226' title='bbox 287 2690 344 2749; x_wconf 88' lang='grc'><strong>3.</strong></span> <span class='ocrx_word' id='word_1_227' title='bbox 389 2703 482 2749; x_wconf 82' lang='lat' dir='ltr'><strong>xl.</strong></span> <span class='ocrx_word' id='word_1_228' title='bbox 529 2687 688 2750; x_wconf 88' lang='lat' dir='ltr'><strong>Cum</strong></span> <span class='ocrx_word' id='word_1_229' title='bbox 729 2688 795 2750; x_wconf 92' lang='lat' dir='ltr'><strong>in</strong></span> <span class='ocrx_word' id='word_1_230' title='bbox 837 2689 1072 2751; x_wconf 89' lang='lat' dir='ltr'><strong>cunctis</strong></span> <span class='ocrx_word' id='word_1_231' title='bbox 1113 2688 1428 2752; x_wconf 88' lang='lat' dir='ltr'><strong>ordinibus</strong></span> <span class='ocrx_word' id='word_1_232' title='bbox 1469 2697 1536 2751; x_wconf 89' lang='lat' dir='ltr'><strong>et</strong></span> <span class='ocrx_word' id='word_1_233' title='bbox 1576 2688 1994 2751; x_wconf 89' lang='lat' dir='ltr'><strong>ecclesiasticis</strong></span> <span class='ocrx_word' id='word_1_234' title='bbox 2033 2687 2404 2764; x_wconf 88' lang='lat' dir='ltr'><strong>ministeriis,</strong></span> <span class='ocrx_word' id='word_1_235' title='bbox 2436 2696 2501 2749; x_wconf 89' lang='lat' dir='ltr'><strong>et</strong></span> 
     </span>
     <span class='ocr_line' id='line_1_27' title="bbox 204 2769 2497 2850; baseline 0 -21"><span class='ocrx_word' id='word_1_236' title='bbox 204 2769 408 2831; x_wconf 74' lang='lat' dir='ltr'><strong>aetatis</strong></span> <span class='ocrx_word' id='word_1_237' title='bbox 452 2770 790 2846; x_wconf 87' lang='lat' dir='ltr'><strong>maturitas,</strong></span> <span class='ocrx_word' id='word_1_238' title='bbox 848 2779 914 2832; x_wconf 90' lang='lat' dir='ltr'><strong>et</strong></span> <span class='ocrx_word' id='word_1_239' title='bbox 966 2772 1237 2850; x_wconf 82' lang='lat' dir='ltr'><strong>gravitas</strong></span> <span class='ocrx_word' id='word_1_240' title='bbox 1293 2790 1549 2846; x_wconf 88' lang='lat' dir='ltr'><strong>morum,</strong></span> <span class='ocrx_word' id='word_1_241' title='bbox 1596 2776 1661 2833; x_wconf 87' lang='lat' dir='ltr'><strong>et</strong></span> <span class='ocrx_word' id='word_1_242' title='bbox 1707 2770 2053 2831; x_wconf 87' lang='lat' dir='ltr'><strong>litterarum</strong></span> <span class='ocrx_word' id='word_1_243' title='bbox 2106 2769 2363 2831; x_wconf 90' lang='lat' dir='ltr'><strong>scientia</strong></span> <span class='ocrx_word' id='word_1_244' title='bbox 2415 2770 2497 2830; x_wconf 90' lang='lat' dir='ltr'><strong>sit</strong></span> 
     </span>
     <span class='ocr_line' id='line_1_28' title="bbox 199 2849 2500 2932; baseline 0 -21"><span class='ocrx_word' id='word_1_245' title='bbox 199 2849 581 2912; x_wconf 83' lang='lat' dir='ltr'><strong>attendenda</strong></span> <span class='ocrx_word' id='word_1_246' title='bbox 625 2860 689 2912; x_wconf 88' lang='lat' dir='ltr'><strong>et</strong></span> <span class='ocrx_word' id='word_1_247' title='bbox 736 2852 1078 2931; x_wconf 74' lang='lat' dir='ltr'><strong>quaerenda,</strong></span> <span class='ocrx_word' id='word_1_248' title='bbox 1128 2852 1324 2915; x_wconf 90' lang='lat' dir='ltr'><strong>multo</strong></span> <span class='ocrx_word' id='word_1_249' title='bbox 1365 2852 1590 2913; x_wconf 83' lang='lat' dir='ltr'><strong>fortius</strong></span> <span class='ocrx_word' id='word_1_250' title='bbox 1636 2851 1701 2912; x_wconf 91' lang='lat' dir='ltr'><strong>in</strong></span> <span class='ocrx_word' id='word_1_251' title='bbox 1757 2852 1957 2932; x_wconf 89' lang='lat' dir='ltr'><strong>episco</strong></span> <span class='ocrx_word' id='word_1_252' title='bbox 2004 2871 2040 2914; x_wconf 98' lang='lat' dir='ltr'><strong>o</strong></span> <span class='ocrx_word' id='word_1_253' title='bbox 2086 2850 2201 2913; x_wconf 91' lang='lat' dir='ltr'><strong>hoc</strong></span> <span class='ocrx_word' id='word_1_254' title='bbox 2255 2858 2500 2931; x_wconf 87' lang='lat' dir='ltr'><strong>oportet</strong></span> 
     </span>
     <span class='ocr_line' id='line_1_29' title="bbox 201 2931 2497 3013; baseline 0 -21"><span class='ocrx_word' id='word_1_255' title='bbox 201 2931 449 3010; x_wconf 87' lang='lat' dir='ltr'><strong>inquiri,</strong></span> <span class='ocrx_word' id='word_1_256' title='bbox 481 2932 608 3011; x_wconf 91' lang='lat' dir='ltr'><strong>qui,</strong></span> <span class='ocrx_word' id='word_1_257' title='bbox 639 2931 716 2993; x_wconf 91' lang='lat' dir='ltr'><strong>ad</strong></span> <span class='ocrx_word' id='word_1_258' title='bbox 759 2952 966 2994; x_wconf 89' lang='lat' dir='ltr'><strong>curam</strong></span> <span class='ocrx_word' id='word_1_259' title='bbox 1007 2933 1265 2996; x_wconf 91' lang='lat' dir='ltr'><strong>aliorum</strong></span> <span class='ocrx_word' id='word_1_260' title='bbox 1349 2933 1560 3007; x_wconf 88' lang='lat' dir='ltr'><strong>esitus,</strong></span> <span class='ocrx_word' id='word_1_261' title='bbox 1604 2932 1670 2994; x_wconf 92' lang='lat' dir='ltr'><strong>in</strong></span> <span class='ocrx_word' id='word_1_262' title='bbox 1710 2933 1909 3013; x_wconf 91' lang='lat' dir='ltr'><strong>seipso</strong></span> <span class='ocrx_word' id='word_1_263' title='bbox 1994 2932 2135 2995; x_wconf 89' lang='lat' dir='ltr'><strong>ebet</strong></span> <span class='ocrx_word' id='word_1_264' title='bbox 2175 2932 2497 2993; x_wconf 87' lang='lat' dir='ltr'><strong>ostendere</strong></span> 
     </span>
     <span class='ocr_line' id='line_1_30' title="bbox 201 2954 2495 3095; baseline 0.001 -22"><span class='ocrx_word' id='word_1_265' title='bbox 201 3011 470 3093; x_wconf 89' lang='lat' dir='ltr'><strong>qualiter</strong></span> <span class='ocrx_word' id='word_1_266' title='bbox 497 3020 778 3093; x_wconf 88' lang='lat' dir='ltr'><strong>oporteat</strong></span> <span class='ocrx_word' id='word_1_267' title='bbox 817 3014 952 3075; x_wconf 91' lang='lat' dir='ltr'><strong>aliis</strong></span> <span class='ocrx_word' id='word_1_268' title='bbox 993 3014 1058 3075; x_wconf 91' lang='lat' dir='ltr'><strong>in</strong></span> <span class='ocrx_word' id='word_1_269' title='bbox 1099 3014 1283 3076; x_wconf 91' lang='lat' dir='ltr'><strong>domo</strong></span> <span class='ocrx_word' id='word_1_270' title='bbox 1305 2954 1562 3077; x_wconf 46' lang='lat' dir='ltr'><strong>{Domini</strong></span> <span class='ocrx_word' id='word_1_271' title='bbox 1590 3014 1948 3076; x_wconf 75' lang='lat' dir='ltr'><strong>conversari.</strong></span> <span class='ocrx_word' id='word_1_272' title='bbox 2036 3014 2377 3095; x_wconf 89' lang='lat' dir='ltr'><strong>Eapropter</strong></span> <span class='ocrx_word' id='word_1_273' title='bbox 2416 3034 2495 3075; x_wconf 93' lang='lat' dir='ltr'><strong>ne</strong></span> 
     </span>
     <span class='ocr_line' id='line_1_31' title="bbox 199 3094 2495 3176; baseline 0 -22"><span class='ocrx_word' id='word_1_274' title='bbox 199 3094 370 3173; x_wconf 89' lang='lat' dir='ltr'><strong>quod</strong></span> <span class='ocrx_word' id='word_1_275' title='bbox 391 3094 468 3155; x_wconf 91' lang='lat' dir='ltr'><strong>de</strong></span> <span class='ocrx_word' id='word_1_276' title='bbox 491 3094 858 3174; x_wconf 89' lang='lat' dir='ltr'><strong>quibusdam</strong></span> <span class='ocrx_word' id='word_1_277' title='bbox 886 3116 964 3157; x_wconf 81' lang='lat' dir='ltr'><strong>ex</strong></span> <span class='ocrx_word' id='word_1_278' title='bbox 989 3097 1350 3157; x_wconf 88' lang='lat' dir='ltr'><strong>necessitate</strong></span> <span class='ocrx_word' id='word_1_279' title='bbox 1371 3096 1663 3176; x_wconf 89' lang='lat' dir='ltr'><strong>temporis</strong></span> <span class='ocrx_word' id='word_1_280' title='bbox 1679 3095 1911 3157; x_wconf 81' lang='lat' dir='ltr'><strong>factum</strong></span> <span class='ocrx_word' id='word_1_281' title='bbox 1938 3102 2034 3157; x_wconf 90' lang='lat' dir='ltr'><strong>est</strong></span> <span class='ocrx_word' id='word_1_282' title='bbox 2053 3096 2120 3157; x_wconf 91' lang='lat' dir='ltr'><strong>in</strong></span> <span class='ocrx_word' id='word_1_283' title='bbox 2147 3094 2495 3176; x_wconf 83' lang='lat' dir='ltr'><strong>exemplum</strong></span> 
     </span>
     <span class='ocr_line' id='line_1_32' title="bbox 199 3174 2493 3258; baseline 0.001 -23"><span class='ocrx_word' id='word_1_284' title='bbox 199 3174 486 3237; x_wconf 86' lang='lat' dir='ltr'><strong>trahatur</strong></span> <span class='ocrx_word' id='word_1_285' title='bbox 541 3194 578 3236; x_wconf 86' lang='lat' dir='ltr'><strong>a</strong></span> <span class='ocrx_word' id='word_1_286' title='bbox 633 3177 906 3256; x_wconf 87' lang='lat' dir='ltr'><strong>posteris,</strong></span> <span class='ocrx_word' id='word_1_287' title='bbox 966 3178 1250 3258; x_wconf 80' lang='lat' dir='ltr'><strong>praesenti</strong></span> <span class='ocrx_word' id='word_1_288' title='bbox 1303 3177 1551 3239; x_wconf 87' lang='lat' dir='ltr'><strong>decreto</strong></span> <span class='ocrx_word' id='word_1_289' title='bbox 1619 3178 1947 3239; x_wconf 88' lang='lat' dir='ltr'><strong>statuimus</strong></span> <span class='ocrx_word' id='word_1_290' title='bbox 2012 3182 2088 3238; x_wconf 89' lang='lat' dir='ltr'><strong>ut</strong></span> <span class='ocrx_word' id='word_1_291' title='bbox 2155 3176 2359 3238; x_wconf 89' lang='lat' dir='ltr'><strong>nullus</strong></span> <span class='ocrx_word' id='word_1_292' title='bbox 2426 3176 2493 3237; x_wconf 89' lang='lat' dir='ltr'><strong>in</strong></span> 
     </span>
     <span class='ocr_line' id='line_1_33' title="bbox 198 3254 2496 3339; baseline 0.001 -23"><span class='ocrx_word' id='word_1_293' title='bbox 198 3254 588 3337; x_wconf 87' lang='lat' dir='ltr'><strong>Episcopum,</strong></span> <span class='ocrx_word' id='word_1_294' title='bbox 619 3258 738 3318; x_wconf 92' lang='lat' dir='ltr'><strong>nisi</strong></span> <span class='ocrx_word' id='word_1_295' title='bbox 766 3258 876 3339; x_wconf 92' lang='lat' dir='ltr'><strong>qui</strong></span> <span class='ocrx_word' id='word_1_296' title='bbox 917 3278 1047 3319; x_wconf 84' lang='lat' dir='ltr'><strong>xxx</strong></span> <span class='ocrx_word' id='word_1_297' title='bbox 1085 3278 1385 3320; x_wconf 90' lang='lat' dir='ltr'><strong>annorum</strong></span> <span class='ocrx_word' id='word_1_298' title='bbox 1414 3266 1658 3321; x_wconf 82' lang='lat' dir='ltr'><strong>aetatem</strong></span> <span class='ocrx_word' id='word_1_299' title='bbox 1698 3258 1991 3339; x_wconf 83' lang='lat' dir='ltr'><strong>attigerit,</strong></span> <span class='ocrx_word' id='word_1_300' title='bbox 2022 3265 2087 3320; x_wconf 90' lang='lat' dir='ltr'><strong>et</strong></span> <span class='ocrx_word' id='word_1_301' title='bbox 2112 3258 2191 3320; x_wconf 90' lang='lat' dir='ltr'><strong>de</strong></span> <span class='ocrx_word' id='word_1_302' title='bbox 2220 3257 2496 3338; x_wconf 90' lang='lat' dir='ltr'><strong>legitimo</strong></span> 
     </span>
     <span class='ocr_line' id='line_1_34' title="bbox 198 3338 2495 3421; baseline 0.001 -24"><span class='ocrx_word' id='word_1_303' title='bbox 198 3338 594 3400; x_wconf 86' lang='lat' dir='ltr'><strong>matrimonio</strong></span> <span class='ocrx_word' id='word_1_304' title='bbox 648 3338 731 3400; x_wconf 91' lang='lat' dir='ltr'><strong>sit</strong></span> <span class='ocrx_word' id='word_1_305' title='bbox 784 3347 983 3416; x_wconf 89' lang='lat' dir='ltr'><strong>natus,</strong></span> <span class='ocrx_word' id='word_1_306' title='bbox 1035 3342 1140 3421; x_wconf 93' lang='lat' dir='ltr'><strong>qui</strong></span> <span class='ocrx_word' id='word_1_307' title='bbox 1196 3340 1381 3402; x_wconf 90' lang='lat' dir='ltr'><strong>etiam</strong></span> <span class='ocrx_word' id='word_1_308' title='bbox 1427 3340 1562 3401; x_wconf 83' lang='lat' dir='ltr'><strong>vita</strong></span> <span class='ocrx_word' id='word_1_309' title='bbox 1616 3346 1681 3402; x_wconf 90' lang='lat' dir='ltr'><strong>et</strong></span> <span class='ocrx_word' id='word_1_310' title='bbox 1732 3340 1986 3402; x_wconf 87' lang='lat' dir='ltr'><strong>scientia</strong></span> <span class='ocrx_word' id='word_1_311' title='bbox 2040 3340 2495 3401; x_wconf 89' lang='lat' dir='ltr'><strong>demonstretur</strong></span> 
     </span>
     <span class='ocr_line' id='line_1_35' title="bbox 197 3419 2490 3501; baseline 0 -22"><span class='ocrx_word' id='word_1_312' title='bbox 197 3419 717 3494; x_wconf 89' lang='lat' dir='ltr'><strong>commendabilis,</strong></span> <span class='ocrx_word' id='word_1_313' title='bbox 749 3420 1027 3501; x_wconf 85' lang='lat' dir='ltr'><strong>eligatur.</strong></span> <span class='ocrx_word' id='word_1_314' title='bbox 1110 3420 1270 3484; x_wconf 84' lang='lat' dir='ltr'><strong>Cum</strong></span> <span class='ocrx_word' id='word_1_315' title='bbox 1309 3430 1517 3482; x_wconf 89' lang='lat' dir='ltr'><strong>autem</strong></span> <span class='ocrx_word' id='word_1_316' title='bbox 1558 3420 1787 3483; x_wconf 91' lang='lat' dir='ltr'><strong>electus</strong></span> <span class='ocrx_word' id='word_1_317' title='bbox 1821 3420 2025 3497; x_wconf 83' lang='lat' dir='ltr'><strong>fuerit,</strong></span> <span class='ocrx_word' id='word_1_318' title='bbox 2070 3430 2135 3483; x_wconf 90' lang='lat' dir='ltr'><strong>et</strong></span> <span class='ocrx_word' id='word_1_319' title='bbox 2175 3420 2490 3483; x_wconf 89' lang='lat' dir='ltr'><strong>electionis</strong></span> 
     </span>
     <span class='ocr_line' id='line_1_36' title="bbox 197 3500 2491 3582; baseline 0 -22"><span class='ocrx_word' id='word_1_320' title='bbox 197 3500 723 3563; x_wconf 88' lang='lat' dir='ltr'><strong>confirmationem</strong></span> <span class='ocrx_word' id='word_1_321' title='bbox 763 3502 1078 3582; x_wconf 86' lang='lat' dir='ltr'><strong>acceperit,</strong></span> <span class='ocrx_word' id='word_1_322' title='bbox 1109 3510 1174 3564; x_wconf 90' lang='lat' dir='ltr'><strong>et</strong></span> <span class='ocrx_word' id='word_1_323' title='bbox 1215 3502 1757 3564; x_wconf 86' lang='lat' dir='ltr'><strong>ecclesiasticorum</strong></span> <span class='ocrx_word' id='word_1_324' title='bbox 1784 3502 2084 3564; x_wconf 91' lang='lat' dir='ltr'><strong>bonorum</strong></span> <span class='ocrx_word' id='word_1_325' title='bbox 2110 3502 2491 3563; x_wconf 85' lang='lat' dir='ltr'><strong>administra-</strong></span> 
     </span>
     <span class='ocr_line' id='line_1_37' title="bbox 197 3580 2489 3665; baseline 0 -23"><span class='ocrx_word' id='word_1_326' title='bbox 197 3580 434 3643; x_wconf 81' lang='lat' dir='ltr'><strong>tionem</strong></span> <span class='ocrx_word' id='word_1_327' title='bbox 487 3581 788 3661; x_wconf 76' lang='lat' dir='ltr'><strong>habuerit,</strong></span> <span class='ocrx_word' id='word_1_328' title='bbox 846 3582 1100 3646; x_wconf 87' lang='lat' dir='ltr'><strong>decurso</strong></span> <span class='ocrx_word' id='word_1_329' title='bbox 1163 3591 1438 3665; x_wconf 89' lang='lat' dir='ltr'><strong>tempore</strong></span> <span class='ocrx_word' id='word_1_330' title='bbox 1493 3582 1571 3644; x_wconf 89' lang='lat' dir='ltr'><strong>de</strong></span> <span class='ocrx_word' id='word_1_331' title='bbox 1626 3584 2047 3645; x_wconf 87' lang='lat' dir='ltr'><strong>consecrandis</strong></span> <span class='ocrx_word' id='word_1_332' title='bbox 2102 3604 2134 3645; x_wconf 93' lang='lat' dir='ltr'><strong>e</strong></span> <span class='ocrx_word' id='word_1_333' title='bbox 2179 3582 2397 3663; x_wconf 89' lang='lat' dir='ltr'><strong>iscopis</strong></span> <span class='ocrx_word' id='word_1_334' title='bbox 2451 3604 2489 3642; x_wconf 91' lang='lat' dir='ltr'><strong>a</strong></span> 
     </span>
     <span class='ocr_line' id='line_1_38' title="bbox 195 3662 2485 3745; baseline 0 -22"><span class='ocrx_word' id='word_1_335' title='bbox 195 3662 532 3724; x_wconf 86' lang='lat' dir='ltr'><strong>canonibus</strong></span> <span class='ocrx_word' id='word_1_336' title='bbox 575 3663 850 3738; x_wconf 82' lang='lat' dir='ltr'><strong>definite,</strong></span> <span class='ocrx_word' id='word_1_337' title='bbox 893 3664 960 3725; x_wconf 94' lang='lat' dir='ltr'><strong>hi</strong></span> <span class='ocrx_word' id='word_1_338' title='bbox 999 3666 1078 3726; x_wconf 90' lang='lat' dir='ltr'><strong>ad</strong></span> <span class='ocrx_word' id='word_1_339' title='bbox 1121 3686 1272 3745; x_wconf 92' lang='lat' dir='ltr'><strong>quos</strong></span> <span class='ocrx_word' id='word_1_340' title='bbox 1313 3664 1608 3729; x_wconf 90' lang='lat' dir='ltr'><strong>beneficia</strong></span> <span class='ocrx_word' id='word_1_341' title='bbox 1648 3672 1929 3745; x_wconf 87' lang='lat' dir='ltr'><strong>spectant</strong></span> <span class='ocrx_word' id='word_1_342' title='bbox 1968 3685 2103 3745; x_wconf 82' lang='lat' dir='ltr'><strong>quae</strong></span> <span class='ocrx_word' id='word_1_343' title='bbox 2186 3664 2485 3738; x_wconf 88' lang='lat' dir='ltr'><strong>abuerint,</strong></span> 
     </span>
    </p>
   </div>
   <div class='ocr_carea' id='block_1_4' title="bbox 193 3776 2491 4580">
    <p class='ocr_par' dir='ltr' id='par_1_4' title="bbox 193 3776 2491 4580">
     <span class='ocr_line' id='line_1_39' title="bbox 197 3776 2487 3873; baseline 0 -29"><span class='ocrx_word' id='word_1_344' title='bbox 197 3792 316 3873; x_wconf 72' lang='lat' dir='ltr'><strong>The</strong></span> <span class='ocrx_word' id='word_1_345' title='bbox 361 3794 620 3873; x_wconf 64' lang='lat' dir='ltr'><strong>numbers</strong></span> <span class='ocrx_word' id='word_1_346' title='bbox 673 3796 954 3863; x_wconf 78' lang='lat' dir='ltr'><strong>employed</strong></span> <span class='ocrx_word' id='word_1_347' title='bbox 997 3798 1055 3847; x_wconf 91' lang='lat' dir='ltr'><strong>in</strong></span> <span class='ocrx_word' id='word_1_348' title='bbox 1100 3796 1287 3848; x_wconf 87' lang='lat' dir='ltr'><strong>distin·</strong></span> <span class='ocrx_word' id='word_1_349' title='bbox 1311 3776 1316 3781; x_wconf 40' lang='grc'><em>’</em></span> <span class='ocrx_word' id='word_1_350' title='bbox 1403 3796 1510 3847; x_wconf 87' lang='lat' dir='ltr'><strong>and</strong></span> <span class='ocrx_word' id='word_1_351' title='bbox 1532 3800 1593 3847; x_wconf 86' lang='lat' dir='ltr'><strong>at</strong></span> <span class='ocrx_word' id='word_1_352' title='bbox 1614 3796 1709 3847; x_wconf 86' lang='lat' dir='ltr'><strong>the</strong></span> <span class='ocrx_word' id='word_1_353' title='bbox 1730 3812 1903 3862; x_wconf 87' lang='lat' dir='ltr'><strong>upper</strong></span> <span class='ocrx_word' id='word_1_354' title='bbox 1930 3794 2247 3873; x_wconf 72' lang='lat' dir='ltr'><strong>right-hand</strong></span> <span class='ocrx_word' id='word_1_355' title='bbox 2280 3794 2395 3846; x_wconf 84' lang='lat' dir='ltr'><strong>side</strong></span> <span class='ocrx_word' id='word_1_356' title='bbox 2428 3794 2487 3845; x_wconf 82' lang='lat' dir='ltr'><strong>of</strong></span> 
     </span>
     <span class='ocr_line' id='line_1_40' title="bbox 195 3859 2490 4003; baseline 0.001 -28"><span class='ocrx_word' id='word_1_357' title='bbox 195 3859 1190 4001; x_wconf 51' lang='lat' dir='ltr'><strong>ffissssffeiiindissfflffinffssffi</strong></span> <span class='ocrx_word' id='word_1_358' title='bbox 1209 3866 1290 3979; x_wconf 69' lang='grc' dir='ltr'><strong>(ἓξ</strong></span> <span class='ocrx_word' id='word_1_359' title='bbox 1401 3861 2146 4003; x_wconf 48' lang='grc' dir='ltr'><strong>ἓξὲῑέωζᾙῗὴέἓὲἱςῖἒξωέἒ</strong></span> <span class='ocrx_word' id='word_1_360' title='bbox 2180 3860 2490 4003; x_wconf 58' lang='grc' dir='ltr'><strong>ἷῗέῗέιῗὲζ</strong></span> 
     </span>
     <span class='ocr_line' id='line_1_41' title="bbox 197 3989 2491 4079; baseline 0 -39"><span class='ocrx_word' id='word_1_361' title='bbox 197 3989 400 4042; x_wconf 74' lang='lat' dir='ltr'><strong>Arabio</strong></span> <span class='ocrx_word' id='word_1_362' title='bbox 421 3991 633 4043; x_wconf 83' lang='lat' dir='ltr'><strong>instead</strong></span> <span class='ocrx_word' id='word_1_363' title='bbox 666 3992 722 4043; x_wconf 78' lang='lat' dir='ltr'><strong>of</strong></span> <span class='ocrx_word' id='word_1_364' title='bbox 755 3992 960 4044; x_wconf 86' lang='lat' dir='ltr'><strong>Roman</strong></span> <span class='ocrx_word' id='word_1_365' title='bbox 991 4009 1050 4045; x_wconf 86' lang='lat' dir='ltr'><strong>as</strong></span> <span class='ocrx_word' id='word_1_366' title='bbox 1079 3992 1286 4045; x_wconf 74' lang='lat' dir='ltr'><strong>hex-eto·</strong></span> <span class='ocrx_word' id='word_1_367' title='bbox 1399 3999 1494 4055; x_wconf 77' lang='lat' dir='ltr'><strong>ost,</strong></span> <span class='ocrx_word' id='word_1_368' title='bbox 1536 3999 1678 4055; x_wconf 75' lang='lat' dir='ltr'><strong>otest,</strong></span> <span class='ocrx_word' id='word_1_369' title='bbox 1732 4008 1793 4044; x_wconf 89' lang='grc' dir='ltr'><strong>οι·</strong></span> <span class='ocrx_word' id='word_1_370' title='bbox 1851 4000 1996 4045; x_wconf 72' lang='lat' dir='ltr'><strong>vemt.</strong></span> <span class='ocrx_word' id='word_1_371' title='bbox 2094 3991 2211 4042; x_wconf 84' lang='lat' dir='ltr'><strong>The</strong></span> <span class='ocrx_word' id='word_1_372' title='bbox 2267 3990 2491 4079; x_wconf 62' lang='lat' dir='ltr'><strong>reading</strong></span> 
     </span>
     <span class='ocr_line' id='line_1_42' title="bbox 195 4055 2449 4135; baseline 0 -29"><span class='ocrx_word' id='word_1_373' title='bbox 195 4055 328 4107; x_wconf 75' lang='lat' dir='ltr'><strong>fore.</strong></span> <span class='ocrx_word' id='word_1_374' title='bbox 399 4056 458 4107; x_wconf 90' lang='lat' dir='ltr'><strong>It</strong></span> <span class='ocrx_word' id='word_1_375' title='bbox 479 4057 673 4108; x_wconf 85' lang='lat' dir='ltr'><strong>should</strong></span> <span class='ocrx_word' id='word_1_376' title='bbox 694 4056 762 4109; x_wconf 91' lang='lat' dir='ltr'><strong>be</strong></span> <span class='ocrx_word' id='word_1_377' title='bbox 783 4057 1042 4109; x_wconf 86' lang='lat' dir='ltr'><strong>observed</strong></span> <span class='ocrx_word' id='word_1_378' title='bbox 1073 4059 1198 4110; x_wconf 83' lang='lat' dir='ltr'><strong>that</strong></span> <span class='ocrx_word' id='word_1_379' title='bbox 1229 4060 1286 4109; x_wconf 91' lang='lat' dir='ltr'><strong>in</strong></span> <span class='ocrx_word' id='word_1_380' title='bbox 1399 4058 1577 4135; x_wconf 75' lang='lat' dir='ltr'><strong>might</strong></span> <span class='ocrx_word' id='word_1_381' title='bbox 1607 4058 1693 4120; x_wconf 88' lang='lat' dir='ltr'><strong>be,</strong></span> <span class='ocrx_word' id='word_1_382' title='bbox 1726 4062 1761 4086; x_wconf 89' lang='lat'><strong>“</strong></span> <span class='ocrx_word' id='word_1_383' title='bbox 1777 4058 1955 4124; x_wconf 86' lang='lat' dir='ltr'><strong>quoad</strong></span> <span class='ocrx_word' id='word_1_384' title='bbox 1987 4072 2115 4119; x_wconf 86' lang='lat' dir='ltr'><strong>rem,</strong></span> <span class='ocrx_word' id='word_1_385' title='bbox 2153 4061 2220 4107; x_wconf 89' lang='lat' dir='ltr'><strong>ut</strong></span> <span class='ocrx_word' id='word_1_386' title='bbox 2250 4058 2449 4121; x_wconf 87' lang='lat' dir='ltr'><strong>potuit,</strong></span> 
     </span>
     <span class='ocr_line' id='line_1_43' title="bbox 195 4121 2487 4189; baseline -0 -16"><span class='ocrx_word' id='word_1_387' title='bbox 195 4122 295 4173; x_wconf 79' lang='lat' dir='ltr'><strong>the</strong></span> <span class='ocrx_word' id='word_1_388' title='bbox 315 4123 541 4189; x_wconf 83' lang='lat' dir='ltr'><strong>original</strong></span> <span class='ocrx_word' id='word_1_389' title='bbox 563 4123 674 4175; x_wconf 87' lang='lat' dir='ltr'><strong>this</strong></span> <span class='ocrx_word' id='word_1_390' title='bbox 696 4123 822 4175; x_wconf 80' lang='lat' dir='ltr'><strong>title</strong></span> <span class='ocrx_word' id='word_1_391' title='bbox 845 4124 891 4176; x_wconf 90' lang='lat' dir='ltr'><strong>is</strong></span> <span class='ocrx_word' id='word_1_392' title='bbox 911 4123 1237 4177; x_wconf 81' lang='lat' dir='ltr'><strong>rubricated.</strong></span> <span class='ocrx_word' id='word_1_393' title='bbox 1400 4124 1578 4175; x_wconf 74' lang='lat' dir='ltr'><strong>which</strong></span> <span class='ocrx_word' id='word_1_394' title='bbox 1594 4123 1771 4174; x_wconf 85' lang='lat' dir='ltr'><strong>would</strong></span> <span class='ocrx_word' id='word_1_395' title='bbox 1795 4122 1951 4174; x_wconf 88' lang='lat' dir='ltr'><strong>make</strong></span> <span class='ocrx_word' id='word_1_396' title='bbox 1973 4138 2141 4175; x_wconf 88' lang='lat' dir='ltr'><strong>sense.</strong></span> <span class='ocrx_word' id='word_1_397' title='bbox 2201 4121 2312 4173; x_wconf 87' lang='lat' dir='ltr'><strong>But</strong></span> <span class='ocrx_word' id='word_1_398' title='bbox 2334 4122 2487 4172; x_wconf 88' lang='lat' dir='ltr'><strong>there</strong></span> 
     </span>
     <span class='ocr_line' id='line_1_44' title="bbox 1402 4186 2488 4252; baseline -0.003 -12"><span class='ocrx_word' id='word_1_399' title='bbox 1402 4190 1450 4240; x_wconf 89' lang='lat' dir='ltr'><strong>is</strong></span> <span class='ocrx_word' id='word_1_400' title='bbox 1477 4206 1551 4239; x_wconf 90' lang='lat' dir='ltr'><strong>no</strong></span> <span class='ocrx_word' id='word_1_401' title='bbox 1580 4189 1857 4252; x_wconf 83' lang='lat' dir='ltr'><strong>authority</strong></span> <span class='ocrx_word' id='word_1_402' title='bbox 1880 4188 1963 4240; x_wconf 84' lang='lat' dir='ltr'><strong>for</strong></span> <span class='ocrx_word' id='word_1_403' title='bbox 1998 4188 2058 4251; x_wconf 88' lang='lat' dir='ltr'><strong>it,</strong></span> <span class='ocrx_word' id='word_1_404' title='bbox 2084 4186 2192 4239; x_wconf 85' lang='lat' dir='ltr'><strong>and</strong></span> <span class='ocrx_word' id='word_1_405' title='bbox 2225 4188 2355 4252; x_wconf 78' lang='lat' dir='ltr'><strong>quia</strong></span> <span class='ocrx_word' id='word_1_406' title='bbox 2384 4203 2488 4237; x_wconf 79' lang='lat' dir='ltr'><strong>non</strong></span> 
     </span>
     <span class='ocr_line' id='line_1_45' title="bbox 263 4250 2487 4320; baseline 0 -17"><span class='ocrx_word' id='word_1_407' title='bbox 263 4250 284 4283; x_wconf 85' lang='lat'>¹</span> <span class='ocrx_word' id='word_1_408' title='bbox 315 4250 431 4303; x_wconf 83' lang='lat' dir='ltr'><strong>The</strong></span> <span class='ocrx_word' id='word_1_409' title='bbox 486 4254 672 4305; x_wconf 85' lang='lat' dir='ltr'><strong>readin</strong></span> <span class='ocrx_word' id='word_1_410' title='bbox 749 4254 876 4305; x_wconf 84' lang='lat' dir='ltr'><strong>here</strong></span> <span class='ocrx_word' id='word_1_411' title='bbox 925 4256 972 4305; x_wconf 89' lang='lat' dir='ltr'><strong>is</strong></span> <span class='ocrx_word' id='word_1_412' title='bbox 1017 4254 1284 4307; x_wconf 84' lang='lat' dir='ltr'><strong>doubtful.</strong></span> <span class='ocrx_word' id='word_1_413' title='bbox 1397 4262 1583 4320; x_wconf 72' lang='lat' dir='ltr'><strong>potest,</strong></span> <span class='ocrx_word' id='word_1_414' title='bbox 1610 4254 1666 4305; x_wconf 90' lang='lat' dir='ltr'><strong>in</strong></span> <span class='ocrx_word' id='word_1_415' title='bbox 1688 4254 1785 4305; x_wconf 88' lang='lat' dir='ltr'><strong>the</strong></span> <span class='ocrx_word' id='word_1_416' title='bbox 1808 4253 1915 4306; x_wconf 78' lang='lat' dir='ltr'><strong>last·</strong></span> <span class='ocrx_word' id='word_1_417' title='bbox 1934 4254 2044 4305; x_wconf 88' lang='lat' dir='ltr'><strong>line</strong></span> <span class='ocrx_word' id='word_1_418' title='bbox 2066 4253 2123 4304; x_wconf 84' lang='lat' dir='ltr'><strong>of</strong></span> <span class='ocrx_word' id='word_1_419' title='bbox 2154 4252 2247 4302; x_wconf 88' lang='lat' dir='ltr'><strong>the</strong></span> <span class='ocrx_word' id='word_1_420' title='bbox 2268 4258 2487 4318; x_wconf 85' lang='lat' dir='ltr'><strong>present</strong></span> 
     </span>
     <span class='ocr_line' id='line_1_46' title="bbox 193 4314 2483 4396; baseline 0 -29"><span class='ocrx_word' id='word_1_421' title='bbox 193 4314 314 4367; x_wconf 84' lang='lat' dir='ltr'><strong>The</strong></span> <span class='ocrx_word' id='word_1_422' title='bbox 347 4330 434 4369; x_wconf 74' lang='lat' dir='ltr'><strong>us.</strong></span> <span class='ocrx_word' id='word_1_423' title='bbox 474 4318 574 4371; x_wconf 85' lang='lat' dir='ltr'><strong>has</strong></span> <span class='ocrx_word' id='word_1_424' title='bbox 605 4316 648 4396; x_wconf 61' lang='grc' dir='ltr'><strong>ζ</strong></span> <span class='ocrx_word' id='word_1_425' title='bbox 787 4320 824 4370; x_wconf 72' lang='lat' dir='ltr'>ss</span> <span class='ocrx_word' id='word_1_426' title='bbox 867 4322 940 4386; x_wconf 61' lang='lat' dir='ltr'><strong>pt,</strong></span> <span class='ocrx_word' id='word_1_427' title='bbox 981 4320 1158 4371; x_wconf 83' lang='lat' dir='ltr'><strong>where</strong></span> <span class='ocrx_word' id='word_1_428' title='bbox 1195 4320 1290 4371; x_wconf 83' lang='lat' dir='ltr'><strong>the</strong></span> <span class='ocrx_word' id='word_1_429' title='bbox 1403 4320 1705 4380; x_wconf 87' lang='lat' dir='ltr'><strong>document,</strong></span> <span class='ocrx_word' id='word_1_430' title='bbox 1732 4321 1777 4371; x_wconf 91' lang='lat' dir='ltr'><strong>is</strong></span> <span class='ocrx_word' id='word_1_431' title='bbox 1810 4318 2075 4385; x_wconf 80' lang='lat' dir='ltr'><strong>certainly</strong></span> <span class='ocrx_word' id='word_1_432' title='bbox 2104 4316 2378 4368; x_wconf 84' lang='lat' dir='ltr'><strong>indicated</strong></span> <span class='ocrx_word' id='word_1_433' title='bbox 2410 4316 2483 4383; x_wconf 83' lang='lat' dir='ltr'><strong>by</strong></span> 
     </span>
     <span class='ocr_line' id='line_1_47' title="bbox 193 4380 2485 4452; baseline 0 -20"><span class='ocrx_word' id='word_1_434' title='bbox 193 4380 348 4432; x_wconf 75' lang='lat' dir='ltr'><strong>third</strong></span> <span class='ocrx_word' id='word_1_435' title='bbox 383 4382 546 4435; x_wconf 82' lang='lat' dir='ltr'><strong>letter</strong></span> <span class='ocrx_word' id='word_1_436' title='bbox 577 4386 754 4452; x_wconf 70' lang='lat' dir='ltr'><strong>might</strong></span> <span class='ocrx_word' id='word_1_437' title='bbox 783 4384 850 4436; x_wconf 87' lang='lat' dir='ltr'><strong>be</strong></span> <span class='ocrx_word' id='word_1_438' title='bbox 884 4386 1060 4437; x_wconf 89' lang='lat' dir='ltr'><strong>either</strong></span> <span class='ocrx_word' id='word_1_439' title='bbox 1079 4402 1116 4435; x_wconf 79' lang='lat' dir='ltr'><strong>n</strong></span> <span class='ocrx_word' id='word_1_440' title='bbox 1141 4401 1204 4435; x_wconf 89' lang='lat' dir='ltr'><strong>or</strong></span> <span class='ocrx_word' id='word_1_441' title='bbox 1231 4402 1282 4437; x_wconf 78' lang='grc' dir='ltr'><strong>ιι.</strong></span> <span class='ocrx_word' id='word_1_442' title='bbox 1401 4385 1574 4447; x_wconf 86' lang='lat' dir='ltr'><strong>three,</strong></span> <span class='ocrx_word' id='word_1_443' title='bbox 1595 4389 1693 4436; x_wconf 87' lang='lat' dir='ltr'><strong>out</strong></span> <span class='ocrx_word' id='word_1_444' title='bbox 1713 4386 1770 4436; x_wconf 78' lang='lat' dir='ltr'><strong>of</strong></span> <span class='ocrx_word' id='word_1_445' title='bbox 1788 4385 1885 4435; x_wconf 88' lang='lat' dir='ltr'><strong>the</strong></span> <span class='ocrx_word' id='word_1_446' title='bbox 1908 4385 2043 4445; x_wconf 81' lang='lat' dir='ltr'><strong>four,</strong></span> <span class='ocrx_word' id='word_1_447' title='bbox 2066 4382 2321 4450; x_wconf 75' lang='lat' dir='ltr'><strong>precisely</strong></span> <span class='ocrx_word' id='word_1_448' title='bbox 2339 4383 2485 4433; x_wconf 86' lang='lat' dir='ltr'><strong>simi·</strong></span> 
     </span>
     <span class='ocr_line' id='line_1_48' title="bbox 196 4446 1916 4502; baseline 0.001 -3"><span class='ocrx_word' id='word_1_449' title='bbox 196 4446 342 4499; x_wconf 83' lang='lat' dir='ltr'><strong>Over</strong></span> <span class='ocrx_word' id='word_1_450' title='bbox 363 4446 496 4499; x_wconf 90' lang='lat' dir='ltr'><strong>both</strong></span> <span class='ocrx_word' id='word_1_451' title='bbox 519 4466 576 4501; x_wconf 80' lang='lat' dir='ltr'><strong>re</strong></span> <span class='ocrx_word' id='word_1_452' title='bbox 603 4450 712 4502; x_wconf 88' lang='lat' dir='ltr'><strong>and</strong></span> <span class='ocrx_word' id='word_1_453' title='bbox 743 4466 780 4501; x_wconf 75' lang='lat' dir='ltr'><strong>u</strong></span> <span class='ocrx_word' id='word_1_454' title='bbox 814 4466 905 4501; x_wconf 84' lang='lat' dir='ltr'><strong>are</strong></span> <span class='ocrx_word' id='word_1_455' title='bbox 937 4450 1033 4501; x_wconf 87' lang='lat' dir='ltr'><strong>the</strong></span> <span class='ocrx_word' id='word_1_456' title='bbox 1064 4452 1286 4502; x_wconf 86' lang='lat' dir='ltr'><strong>circum·</strong></span> <span class='ocrx_word' id='word_1_457' title='bbox 1401 4450 1482 4502; x_wconf 88' lang='lat' dir='ltr'><strong>lar</strong></span> <span class='ocrx_word' id='word_1_458' title='bbox 1504 4448 1916 4502; x_wconf 82' lang='lat' dir='ltr'><strong>abbreviations.</strong></span> 
     </span>
     <span class='ocr_line' id='line_1_49' title="bbox 193 4510 1790 4580; baseline 0.001 -15"><span class='ocrx_word' id='word_1_459' title='bbox 193 4510 532 4580; x_wconf 81' lang='lat' dir='ltr'><strong>flex-shaped</strong></span> <span class='ocrx_word' id='word_1_460' title='bbox 571 4516 756 4567; x_wconf 80' lang='lat' dir='ltr'><strong>marks</strong></span> <span class='ocrx_word' id='word_1_461' title='bbox 798 4516 855 4567; x_wconf 77' lang='lat' dir='ltr'><strong>of</strong></span> <span class='ocrx_word' id='word_1_462' title='bbox 897 4515 1282 4578; x_wconf 75' lang='lat' dir='ltr'><strong>abbreviation,</strong></span> <span class='ocrx_word' id='word_1_463' title='bbox 1463 4515 1486 4546; x_wconf 79' lang='lat'>²</span> <span class='ocrx_word' id='word_1_464' title='bbox 1518 4516 1790 4580; x_wconf 77' lang='lat' dir='ltr'><strong>Subjiceat.</strong></span> 
     </span>
    </p>
   </div>
  </div>
 </body>
</html>
