3075 5009
1199 489 1410 539 APPEN
1415 490 1550 540 mx.
2393 478 2518 537 385

321 651 416 709 52.
491 646 712 708 Coram
733 646 916 728 Rege.
970 646 1157 708 Hem.
1191 662 1307 722 111.,
1333 647 1396 710 N
1397 667 1448 709 0.
1479 651 1573 721 31,
1598 667 1676 710 m.
1704 647 1788 709 8⁶.
1840 648 2074 722 Easter,
2108 650 2183 709 13
2205 647 2393 709 Henr.
2420 661 2517 707 111.

238 726 298 811 [1
310 646 502 812 2291&
543 728 1104 808 Eheu-Regem,
1116 728 1324 790 Abbas
1332 728 1714 804 Rivallensis,
1728 750 1835 810 per
1849 739 2225 791 attornatum
2234 748 2412 789 suum
2420 748 2521 807 op-

237 810 384 872 tulit
402 830 466 871 se
487 831 578 871 1111
600 810 701 871 die
721 829 930 871 versus
954 809 1330 871 Willelmum
1357 810 1434 872 de
1456 810 1583 872 Ros
1606 810 1683 872 de
1704 812 1925 890 placito
1946 812 2111 891 quod
2134 811 2521 871 warantizar-

235 899 300 953 et
327 893 384 955 ei
412 892 502 951 iiii
531 902 837 953 carucatas
864 900 1059 965 terrae,
1090 910 1228 951 cum
1257 892 1665 971 pertinenciis,
1694 894 1759 953 in
1788 892 2123 955 Norstede:
2167 892 2329 952 unde
2358 890 2519 951 idem

237 971 470 1052 Symon
488 974 512 1013 ¹
554 973 713 1052 petit
752 972 916 1052 quod
959 972 1178 1033 reddat
1203 973 1259 1033 ei
1301 993 1411 1052 per
1447 993 1679 1034 annum
1708 995 1792 1034 xx
1812 995 1856 1035 s.
1903 984 1966 1035 et
1995 975 2016 1034 i
2045 974 2260 1033 libram
2290 971 2517 1046 cimini,

235 1063 301 1116 et
328 1054 493 1133 quod
533 1053 753 1115 reddat
779 1054 836 1115 ei
866 1053 1117 1133 singulis
1157 1054 1334 1115 annis
1361 1054 1438 1115 ad
1467 1056 1804 1117 custodiam
1842 1054 2043 1116 Casti-i
2072 1054 2520 1133 Rophecestriae

234 1136 304 1197 iii
325 1157 395 1210 s.,
424 1143 490 1197 et
515 1136 678 1215 quod
707 1135 891 1197 faciat
919 1136 974 1196 ei
1003 1134 1323 1197 servicium
1351 1146 1585 1215 quartae
1612 1137 1805 1216 partis
1834 1133 2049 1219 [feodi]
2076 1136 2258 1197 unius
2286 1134 2517 1209 militis,

235 1236 424 1296 quum
453 1216 791 1296 scutagium
821 1217 1110 1277 evenerit.
1194 1216 1277 1278 Et
1305 1216 1651 1279 Willelmus
1676 1218 1849 1279 venit.
1875 1230 1939 1279 et
1966 1217 2274 1297 cognoscit
2314 1216 2519 1277 omnia

277 1298 528 1360 raedicta
565 1298 835 1372 servicia,
867 1306 1088 1377 praeter
1112 1298 1434 1378 praedictos
1473 1306 1599 1361 tres
1626 1299 1852 1361 solidos
1893 1299 1969 1360 ad
1998 1299 2351 1378 praedictam
2392 1317 2519 1358 cus-

233 1379 486 1452 todiam,
516 1389 580 1440 et
619 1379 764 1440 inde
801 1380 976 1458 ponit
1015 1398 1080 1439 se
1107 1381 1174 1439 in
1200 1398 1481 1457 magnam
1523 1381 1770 1441 assisam
1797 1379 2047 1441 Domini
2076 1380 2261 1460 Regis
2301 1380 2353 1441 si
2383 1378 2521 1441 illos

231 1468 359 1523 tres
385 1460 612 1521 solidos
651 1460 868 1522 debuit
891 1460 992 1521 vel
1033 1480 1172 1521 non.
1259 1460 1370 1522 Set
1395 1468 1607 1541 postea
1644 1461 2028 1523 recordatum
2067 1471 2162 1522 est
2186 1461 2351 1541 quod
2394 1480 2519 1521 non

235 1550 412 1603 tenet
437 1541 594 1603 illud
633 1540 712 1603 de
753 1541 1044 1621 praedicto
1072 1542 1336 1617 Simone,
1367 1543 1473 1603 sed
1517 1543 1597 1603 de
1624 1542 1872 1604 Simone
1914 1543 2039 1603 filio
2079 1590 2092 1604 .
2143 1588 2157 1603 .
2205 1590 2220 1604 .
2264 1541 2521 1603 Roberti

232 1624 314 1685 de
342 1623 604 1697 Calecot,
637 1625 742 1702 qui
772 1633 866 1684 est
907 1622 1068 1683 infra
1103 1630 1364 1684 aetatem.
1449 1622 1534 1684 Et
1560 1623 1699 1685 ideo
1740 1624 2189 1685 consideratum
2217 1632 2312 1685 est
2351 1620 2519 1702 quod

232 1705 423 1767 assisa
449 1724 572 1765 non
599 1704 764 1784 jacet
791 1706 952 1765 inter
977 1723 1097 1765 eos.
1183 1704 1267 1764 Et
1291 1704 1432 1765 ideo
1458 1704 1671 1766 Simon
1699 1705 2011 1784 perquirat
2037 1725 2247 1767 versus
2274 1703 2519 1785 praedic-

234 1794 371 1848 tnm
396 1786 699 1847 haeredem
729 1787 783 1846 si
807 1785 1092 1847 voluerit.
1172 1784 1256 1846 Et
1283 1785 1628 1847 Willelmus
1654 1786 1798 1847 inde
1832 1787 1961 1848 sine
1990 1786 2106 1848 die.

320 1948 416 2006 53.
463 1942 708 2026 [Coram
737 1942 920 2021 Rege.
995 1942 1182 2005 Henr.
1217 1958 1334 2017 111.,
1367 1942 1484 2005 No.
1518 1946 1614 2018 33,
1647 1963 1725 2003 m.
1763 1942 1885 2004 16‘1.
1959 1944 2020 2003 A
2048 1943 2147 2005 die
2179 1942 2239 2003 S.
2273 1941 2520 2002 Hillarii

234 2027 302 2087 in
342 2036 467 2087 tres
515 2024 915 2103 septimanas,
954 2025 1028 2084 14
1058 2023 1248 2085 Henr.
1295 2039 1390 2085 111.
1437 2023 1667 2107 [1230]
1786 2023 2403 2087 Ebora—willelmus
2441 2023 2520 2084 de

234 2107 361 2169 Ros
409 2105 776 2168 attachiatus
823 2106 941 2165 fuit
983 2104 1062 2165 ad
1104 2106 1651 2167 warrantizandum
1791 2126 1951 2186 ger0,
1998 2106 2227 2167 Abbati
2264 2106 2342 2167 de
2383 2105 2521 2167 Rie-

235 2188 512 2262 vallibus,
558 2187 699 2247 iiii⁰r
745 2194 1055 2248 carucatas
1097 2194 1291 2262 terrae,
1335 2232 1350 2249 .
1395 2232 1412 2249 .
1459 2233 1474 2248 .
1519 2188 1587 2247 in
1628 2186 1785 2261 Giris,
1831 2195 1895 2247 et
1922 2207 1961 2247 v
1990 2197 2299 2248 carucatas
2339 2194 2519 2248 terrae

235 2270 302 2332 in
349 2270 682 2342 Tilestune,
730 2276 796 2328 et
841 2288 1221 2328 communam
1271 2275 1535 2347 pasturae
1578 2277 1641 2328 et
1682 2269 1846 2330 bosci
1893 2270 1959 2329 in
2017 2268 2309 2329 Hamelac
2350 2277 2416 2329 et
2452 2268 2518 2328 in

233 2350 514 2425 Pockele,
539 2369 691 2429 quas
718 2356 906 2423 tenet,
931 2356 996 2409 et
1023 2348 1100 2410 de
1127 2369 1198 2410 eo
1219 2357 1430 2411 tenere
1459 2349 1696 2423 clamat,
1728 2362 1793 2409 et
1820 2349 1981 2410 unde
2010 2362 2237 2411 cartam
2264 2349 2520 2411 Roberti

233 2432 312 2493 de
354 2431 498 2507 Ros,
547 2430 740 2510 patris
779 2430 969 2509 ipsius
1016 2429 1327 2505 willelmi,
1373 2430 1573 2505 habet,
1618 2440 1693 2491 ut
1730 2430 1884 2491 dicit
1930 2440 2044 2492 etc.
2131 2431 2315 2493 Unde
2356 2430 2520 2492 idem

232 2514 444 2575 Abbas
492 2524 745 2591 questus
793 2520 889 2572 est
936 2510 1100 2590 quod
1148 2511 1311 2571 idem
1360 2509 1719 2587 Willelmu8‚
1771 2520 1983 2573 contra
2048 2523 2277 2575 cartam
2375 2512 2522 2573 atris

234 2596 348 2668 sui,
393 2614 530 2673 quae
569 2601 837 2654 testatur
877 2592 1041 2671 quod
1091 2592 1258 2653 idem
1304 2591 1627 2668 Robertus‚
1678 2603 1852 2673 pater
1892 2594 2165 2673 praedicti
2209 2594 2517 2668 wilelmi,

231 2676 513 2737 concedit
568 2672 683 2757 [et]
731 2674 1047 2735 confirmat
1086 2672 1221 2735 Deo
1269 2682 1334 2734 et
1376 2673 1657 2735 Ecclesiae
1703 2675 1774 2735 B.
1832 2674 2045 2735 Mariae
2099 2675 2522 2754 Ryevallensis

232 2757 326 2819 iiii
365 2768 678 2819 carucatas
724 2764 904 2816 terrae
950 2757 1015 2815 in
1064 2753 1206 2815 Grif
1253 2762 1319 2815 et
1360 2763 1583 2816 terram
1632 2755 1709 2816 de
1754 2755 2173 2817 Tillanestuna
2216 2755 2361 2840 [εἰσὶ
2412 2756 2520 2819 ubi

235 2847 384 2901 sunt
419 2858 461 2901 v
489 2844 784 2899 carucatae
825 2844 1018 2911 terrae,
1063 2846 1128 2897 et
1168 2845 1465 2915 praeterea
1503 2857 1615 2916 per
1653 2858 1837 2916 quam
1878 2837 2155 2899 concedit
2197 2840 2282 2898 eis
2317 2838 2520 2899 omnia

235 2920 594 2981 aisiamenta
619 2936 730 2979 sua
755 2918 818 2977 in
849 2918 1162 2978 manerio²
1203 2925 1268 2978 et
1294 2917 1526 2980 foresta
1564 2938 1677 2979 sua
1715 2919 1793 2981 de
1822 2918 2303 2994 Hamlec—scil.,
2334 2926 2518 2980 mate-

231 3003 387 3063 riam
417 3000 544 3084 [sic]
575 3008 639 3060 et
664 2999 832 3078 ligna
870 2998 948 3059 ad
987 3018 1129 3059 suos
1157 3000 1432 3078 proprios
1461 3019 1623 3075 usus,
1656 3008 1718 3061 et
1748 3020 1970 3079 pascua
2010 3010 2073 3061 et
2112 3001 2417 3081 pannagia
2442 3000 2527 3061 ab.

234 3083 404 3146 omni
443 3080 883 3142 cosuentudine
926 3080 1136 3158 quieta
1169 3080 1236 3140 in
1279 3081 1563 3142 omnibus
1588 3082 1783 3141 boscis
1812 3081 1889 3141 de
1918 3081 2289 3157 Hammelac,
2321 3093 2385 3143 et
2412 3102 2521 3163 per

235 3184 420 3245 quam
449 3163 536 3224 eis
563 3162 841 3224 concedit
860 3180 1238 3222 communam
1272 3171 1533 3240 pasturae
1552 3164 1617 3222 in
1646 3161 1921 3236 Pochele,
1943 3163 2009 3224 in
2026 3164 2207 3225 bosco
2236 3174 2299 3224 et
2315 3164 2513 3244 plano,

235 3246 315 3308 ad
370 3264 516 3306 oves
571 3263 708 3303 suas
763 3254 828 3304 et
871 3254 1075 3303 cetera
1115 3262 1332 3321 pecora
1388 3263 1514 3317 sna,
1563 3252 1627 3304 et
1680 3246 1998 3305 materiam
2056 3244 2172 3327 [et]
2220 3244 2387 3325 ligna
2440 3246 2519 3307 ad

234 3347 376 3389 suos
417 3326 694 3405 proprios
736 3344 880 3385 usus
907 3325 974 3384 in
1015 3325 1296 3385 omnibus
1324 3324 1519 3385 boscis
1562 3324 1835 3403 ejusdem
1874 3326 2051 3400 villae,
2096 3336 2159 3387 et
2194 3346 2415 3407 pascua
2456 3337 2522 3389 et

232 3408 538 3489 pannagia
577 3406 785 3485 quieta
824 3405 902 3466 ab
944 3406 1110 3465 omni
1152 3406 1609 3481 consuetudine,
1655 3416 1719 3467 et
1759 3407 1924 3485 quod
1966 3408 2097 3486 ipse
2145 3418 2209 3468 et
2250 3407 2519 3469 haeredes

232 3490 330 3551 sui
370 3507 684 3567 nunquam
725 3486 1079 3567 recolligent
1119 3486 1377 3567 alicujus
1403 3486 1713 3567 religionis
1754 3487 2030 3548 homines
2063 3490 2126 3548 in
2170 3487 2517 3568 praedictam

231 3578 562 3652 pasturam,
608 3576 829 3648 praeter
869 3568 1113 3629 eosdem
1154 3569 1494 3641 monachos,
1539 3570 1699 3629 sicut
1738 3579 1906 3629 carta
1933 3568 2226 3630 Everardi
2267 3570 2343 3631 de
2372 3570 2519 3646 Ros,

233 3653 426 3733 patris
454 3651 644 3730 ipsius
673 3649 944 3722 Roberti,
975 3649 1190 3709 melius
1225 3657 1502 3723 testatur,
1531 3648 1791 3728 impedit
1818 3670 1955 3711 eum
1986 3662 2050 3710 et
2075 3650 2351 3712 homines
2379 3672 2519 3713 suos

233 3734 400 3795 infra
438 3731 756 3812 praedictas
799 3732 864 3791 ix
906 3740 1216 3791 carucatas
1256 3738 1435 3791 terrae
1481 3750 1684 3791 secare
1728 3740 1793 3791 et
1832 3732 2055 3792 habere
2095 3734 2412 3794 materiam
2454 3743 2518 3794 et

231 3815 401 3893 ligna
428 3813 504 3873 ad
537 3812 808 3891 proprios
835 3831 998 3885 usus,
1030 3820 1096 3871 et
1123 3811 1344 3873 habere
1384 3832 1766 3872 communam
1808 3812 1869 3872 in
1900 3813 2080 3875 bosco
2120 3813 2197 3874 de
2230 3814 2515 3877 Hamme-

231 3896 344 3971 lac,
376 3901 440 3954 et
478 3894 564 3955 ibi
607 3893 903 3972 imparcat
927 3893 1133 3953 averia
1171 3912 1298 3966 sua,
1327 3894 1417 3953 ita
1448 3893 1612 3972 quod
1654 3892 1901 3971 quidam
1944 3895 2051 3956 bos
2080 3906 2359 3957 mortuus
2399 3897 2521 3959 fuit

231 3977 301 4038 in
327 3995 508 4056 parco
549 3994 677 4046 suc,
707 3983 772 4035 et
799 3983 1093 4053 praeterea
1117 3976 1370 4053 sagittat
1395 3994 1574 4035 canes
1606 3975 1797 4053 ipsius
1826 3975 2084 4037 Abbatis
2111 3986 2177 4038 et
2202 3977 2517 4039 hominum

233 4078 484 4121 suorum
524 4056 686 4117 infra
717 4056 1037 4136 praedictas
1077 4056 1142 4115 ix
1183 4064 1491 4115 carucatas
1531 4066 1727 4131 terrae,
1758 4076 1866 4134 per
1905 4058 2069 4136 quod
2111 4058 2516 4121 deterioratus

232 4148 344 4215 est,
375 4146 440 4199 et
465 4137 801 4217 dampnum
831 4137 1019 4197 habet
1043 4135 1121 4197 ad
1152 4136 1478 4197 valentiam
1505 4157 1593 4197 xv
1618 4158 1969 4199 marcarum.

316 4220 401 4282 Et
427 4218 772 4280 Willelmus
802 4219 971 4279 venit
1012 4225 1078 4278 et
1110 4217 1389 4278 defendit
1416 4225 1480 4279 et
1521 4218 1881 4299 praedictum
1907 4220 2413 4300 impedim0ntum
2453 4231 2517 4285 et

233 4302 570 4382 dampnum
597 4312 662 4363 et
686 4308 904 4361 totum.

627 4431 646 4463 ¹
679 4431 852 4481 There
874 4430 920 4481 is
942 4430 1168 4497 nothing
1189 4436 1248 4482 to
1269 4430 1418 4482 show
1439 4432 1561 4482 who
1582 4432 1629 4483 is
1651 4432 1778 4483 here
1800 4432 2070 4484 intended.

625 4496 648 4527 ²
678 4496 954 4547 Mancrioe.
1340 4569 1376 4626 2
1410 4580 1452 4627 Β
