3075 5009
1171 502 1522 553 Arrsnmx,
2368 492 2495 553 383

201 662 480 725 Rievalle
520 662 599 726 de
639 663 865 743 placito
905 663 1072 744 quod
1113 660 1332 723 reddat
1373 662 1431 723 ei
1469 661 1538 722 lx
1558 681 1624 736 s.,
1670 680 1823 741 quos
1862 660 1920 723 ei
1969 660 2171 736 debet,
2214 666 2325 723 etc.
2414 659 2499 723 Et

201 744 414 807 Abbas
441 765 566 806 non
594 746 766 807 venit
794 752 948 821 etc.;
991 753 1056 807 et
1096 743 1498 805 summonitus
1540 742 1664 804 fuit.
1692 752 1803 806 etc.
1888 742 1933 803 J
1935 742 2206 804 udicium
2246 741 2499 805 attachi-

202 836 346 887 atur
372 825 540 907 quod
565 827 648 887 sit
678 847 715 887 a
743 825 844 888 die
871 825 1119 888 Paschae
1145 826 1209 886 in
1239 824 1694 905 v-septimanas.

439 998 536 1057 49.
584 993 826 1078 [Rotuli
852 994 1224 1057 Litterarum
1253 992 1629 1068 Glausai-um,
1659 992 1722 1054 ii.
1756 1012 1812 1071 p.
1847 990 1960 1053 96¹³
1988 990 2253 1076 [1226].]

1019 1101 1114 1163 De
1141 1108 1422 1181 respectu
1448 1098 1681 1181 iudicii.

285 1206 654 1271 Mandatum
681 1215 774 1271 est
800 1207 845 1271 J
846 1208 1170 1269 usticiariis
1197 1208 1275 1269 de
1315 1207 1522 1269 Banco
1550 1206 1715 1287 quod
1753 1206 2053 1287 judicium
2092 1206 2297 1269 assisae
2323 1227 2499 1269 novae

200 1289 556 1365 disseisinae,
585 1310 720 1370 quae
749 1298 928 1371 capta
952 1290 1076 1351 fuit
1101 1309 1304 1351 coram
1331 1288 1698 1351 Justiciariis
1736 1288 2024 1350 ultimum
2065 1287 2499 1350 itinerantibus

201 1370 373 1452 apud
418 1371 622 1447 Ebor.‚
680 1372 844 1433 inter
889 1371 1199 1433 Abbatem
1252 1370 1330 1431 de
1385 1370 1624 1431 Rivalle
1681 1376 1745 1431 et
1797 1369 1842 1430 J
1844 1370 2145 1431 ohannem
2200 1370 2499 1447 Makerel,

204 1460 440 1533 ponant
477 1453 542 1514 in
584 1460 926 1533 respectum
953 1453 1033 1515 de
1074 1452 1178 1513 die·
1214 1452 1281 1513 in
1319 1451 1487 1513 diem
1525 1470 1721 1531 usque
1762 1450 1841 1512 ad
1884 1450 2147 1513 Octabas
2188 1451 2380 1514 Puris.
2425 1451 2497 1515 B.

205 1534 435 1596 Mariae.
522 1534 592 1599 T.
679 1534 846 1615 Rege
877 1532 1040 1614 apud
1069 1533 1396 1613 Radinges,
1427 1533 1448 1593 i
1477 1532 1579 1594 die
1608 1532 1925 1594 Februarii
1954 1530 2064 1615 [A0
2090 1532 2371 1616 decimo].

292 1707 388 1767 50.
428 1702 613 1799 [Feet
639 1704 703 1765 of
729 1704 929 1780 Fines,
954 1704 1165 1784 Temp.
1197 1702 1388 1765 Henr.
1421 1701 1590 1844 mk:
1632 1700 1783 1763 Haec
1824 1710 1917 1763 est
1944 1701 2141 1762 finalis
2182 1700 2504 1762 concordia

205 1788 371 1847 facta
424 1806 491 1847 m
546 1785 735 1849 Curia
776 1784 1028 1847 Domini
1076 1784 1169 1847 Re
1213 1784 1261 1846 ‘s
1317 1783 1482 1863 apud
1590 1785 1739 1859 bor.,
1788 1803 1825 1844 a
1870 1782 1972 1843 die
2022 1781 2084 1844 S.
2134 1782 2392 1843 Martini
2434 1782 2501 1843 in

247 1866 557 1928 uindecim
583 1866 731 1943 dies,
761 1866 839 1928 A„
869 1887 917 1928 r.
951 1866 1137 1947 Regis
1168 1805 1432 1927 {enrici
1471 1864 1582 1925 filii
1610 1865 1703 1926 Re
1748 1865 1797 1925 ‘s
1835 1864 1881 1925 J
1884 1864 2139 1925 ohannis
2180 1864 2502 1925 undecimo

202 1888 352 2093 {1¹22
360 1947 443 2032 6],
495 1948 715 2010 Coram
763 1947 1034 2010 Roberto
1080 1947 1158 2009 de
1207 1946 1646 2026 Veteri-ponte,
1750 1946 1989 2008 ohanne
2044 1945 2170 2006 filio
2228 1945 2499 2021 Roberti,

277 2030 478 2091 artino
533 2028 612 2091 de
665 2028 993 2105 Pateshall,
1057 2028 1284 2091 Briano
1339 2028 1420 2091 de
1473 2027 1700 2104 Insula,
1756 2026 2067 2089 Willelmo
2129 2026 2206 2089 de
2271 2026 2500 2103 Insula,

203 2110 470 2173 Ricardo
512 2110 742 2185 Duket‚
789 2111 834 2172 J
834 2109 1157 2173 usticiariis
1219 2156 1236 2173 .
1301 2154 1320 2173 .
1383 2156 1401 2173 .
1466 2108 1641 2171 Inter
1694 2108 2017 2189 Rogemm,
2063 2106 2375 2171 Abbatem
2421 2108 2501 2171 de

203 2192 500 2267 Rievalle‚
547 2200 920 2272 querentem,
973 2200 1038 2254 et
1072 2190 1402 2253 Ricardum
1477 2190 1585 2275 de]
1634 2190 1997 2271 Sproxtona‚
2044 2189 2501 2266 deforciantem,

202 2276 284 2337 de
329 2274 676 2335 communia
716 2274 884 2335 bosci
925 2274 991 2335 in
1039 2272 1196 2349 Grif,
1234 2273 1402 2333 unde
1433 2272 1455 2334 i
1501 2292 1599 2335 em
1632 2272 1841 2334 Abbas
1881 2277 2133 2352 questus
2175 2271 2295 2333 fuit
2336 2270 2502 2351 quod

203 2355 533 2437 praedictus
580 2354 880 2417 Ricardus
927 2354 1156 2434 injuste
1205 2353 1490 2435 exigebat
1536 2373 1922 2415 communam
1969 2354 2035 2413 in
2083 2352 2265 2415 bosco
2312 2353 2503 2432 ipsius

201 2436 470 2499 Abbatis
517 2435 594 2497 de
639 2436 795 2512 Grif,
847 2436 1083 2498 desicut
1129 2436 1292 2503 idem
1339 2435 1551 2497 Abbas
1586 2434 1819 2496 nullam
1860 2440 2245 2495 communem
2285 2434 2505 2496 habuit

203 2521 272 2579 in
311 2518 494 2580 bosco
535 2517 725 2597 ipsius
767 2516 1016 2579 Ricardi
1041 2516 1118 2579 de
1159 2517 1524 2597 Sproxtona‚
1555 2536 1667 2577 nec
1705 2515 1871 2577 idem
1897 2514 2195 2576 Ricardus
2224 2514 2281 2577 ei
2321 2515 2505 2577 servi-

203 2601 364 2661 tium
403 2597 551 2661 fecit
592 2618 781 2678 quare
821 2618 1206 2660 communem
1246 2598 1469 2660 habere
1510 2596 1728 2659 debuit
1764 2597 1830 2658 in
1878 2596 2169 2676 praedicto
2210 2596 2391 2658 bosco
2423 2597 2503 2659 de

202 2681 386 2757 Grif3
426 2687 490 2743 et
517 2680 681 2741 unde
722 2680 1016 2759 placitum
1056 2680 1180 2741 fuit
1219 2679 1382 2741 inter
1414 2698 1517 2741 eos
1559 2679 1625 2740 in
1666 2678 1879 2741 eadem
1908 2678 2305 2740 Curia—scil.
2334 2677 2504 2759 quod

203 2762 532 2843 praedictus
558 2762 769 2823 Abbas
797 2782 909 2842 pro
937 2781 1000 2823 se
1029 2768 1092 2823 et
1119 2759 1557 2823 successoribus
1584 2760 1709 2821 suis
1734 2760 2091 2841 recognovit
2116 2765 2182 2822 et
2207 2761 2506 2822 concessit

199 2843 408 2906 eidem
435 2842 697 2904 Ricardo
726 2850 790 2905 et
830 2841 1172 2905 haeredibus
1199 2843 1324 2903 suis
1365 2861 1751 2903 communem
1790 2841 1856 2902 in
1896 2840 2187 2920 praedicto
2214 2841 2396 2903 bosco
2424 2840 2501 2903 de

203 2924 372 2986 Griff
391 2925 456 2985 in
477 2924 676 2985 forma
695 2924 1266 3004 subscripta—scil„
1291 2923 1453 3003 quod
1482 2920 1807 3003 praedictus
1827 2922 2125 2985 Ricardus
2146 2930 2212 2984 et
2229 2920 2501 2985 haeredes

200 3007 301 3067 sui
329 3024 438 3085 per
464 3005 666 3067 visum
694 3013 768 3066 et.
785 3004 1209 3068 liberationem
1237 3004 1697 3067 forestariorum
1716 3004 1979 3066 Abbatis
2005 3010 2071 3066 et
2091 3023 2500 3081 successorum

197 3086 480 3167 ejusdem
519 3086 801 3161 habeant,
833 3087 1078 3167 quando
1119 3094 1184 3148 et
1211 3087 1494 3166 quotiens
1523 3106 1678 3165 opus
1718 3085 1923 3160 fuerit,
1952 3086 2018 3147 in
2060 3085 2277 3147 eodem
2314 3086 2501 3148 bosco

200 3170 542 3231 necessaria.
570 3168 650 3229 ad
677 3177 964 3249 stagnum
991 3167 1326 3231 molendini
1351 3168 1431 3230 de
1458 3167 1810 3248 Sproxtona
1836 3166 2184 3229 faciendum
2211 3174 2275 3229 et
2301 3187 2503 3249 repar-

199 3249 452 3324 andum,
484 3249 549 3310 in
577 3249 684 3310 illo
712 3249 844 3311 loco
872 3256 1116 3311 tantum
1143 3249 1252 3329 qui
1278 3250 1629 3311 continetur
1654 3249 1817 3310 infra
1857 3256 2051 3310 metas
2092 3248 2498 3329 subscriptas:

197 3331 330 3393 scil.
355 3351 539 3409 super
555 3331 752 3410 ripam
771 3329 996 3415 [fluvii]
1017 3352 1151 3412 quae
1173 3338 1427 3392 vocatur
1445 3330 1580 3406 Bia,
1604 3330 1819 3392 subtus
1844 3330 2096 3393 boscum
2118 3330 2223 3411 qui
2242 3337 2499 3393 vocatur

199 3412 522 3487 Milneclif‚
553 3420 617 3475 et
631 3413 698 3473 in
717 3411 932 3474 eodem
953 3413 1133 3475 bosco
1160 3412 1238 3473 de
1265 3411 1568 3473 Milneclif
1592 3411 1755 3473 inter
1778 3412 2030 3474 boscum
2050 3411 2127 3473 de
2146 3412 2498 3492 Helmesley

119 3516 130 3523 ·
201 3501 269 3556 et
296 3494 548 3574 planum
575 3501 876 3555 assartum
901 3514 1110 3555 versus
1137 3493 1549 3556 occidentem:
1591 3493 1693 3555 Ita
1718 3492 1884 3574 quod
1912 3513 2036 3555 non
2063 3493 2271 3555 licebit
2298 3493 2498 3556 eidem

199 3574 467 3639 Ricardo
495 3582 559 3636 et
573 3574 916 3639 haeredibus
936 3576 1062 3637 suis
1078 3574 1158 3637 ad
1172 3574 1532 3655 praedictum
1552 3581 1836 3655 stagnum
1851 3574 2197 3637 faciendum
2218 3582 2282 3637 et
2300 3594 2501 3655 repar-

195 3655 435 3718 andum
478 3676 688 3736 capere
775 3676 1008 3731 nemus,
1060 3657 1238 3733 hws,1
1287 3656 1558 3719 arables²
1594 3656 1694 3719 vel
1740 3656 1977 3719 frenes⁸
2012 3655 2080 3717 in
2115 3654 2276 3717 ulla*
2320 3663 2495 3737 parte

201 3738 397 3800 totius
435 3738 711 3818 praedicti
831 3738 918 3800 sci
953 3737 1032 3799 de
1073 3737 1231 3813 Grif,
1273 3745 1370 3801 set
1395 3737 1473 3801 de
1500 3737 1779 3818 quolibet
1818 3738 1938 3799 alio
1977 3758 2199 3818 genere
2240 3737 2497 3800 aliarum

201 3821 489 3882 arborum
516 3820 793 3881 e'usdem
819 3820 998 3881 bosci.
1086 3820 1171 3881 Et
1196 3839 1309 3900 pro
1326 3820 1438 3881 hac
1460 3818 1842 3881 concessione
1860 3819 2027 3881 idem
2045 3818 2358 3896 Ricardus,
2384 3840 2496 3901 pro

199 3922 270 3963 se
291 3908 355 3963 et
374 3841 718 3963 haeredibus
739 3902 880 3977 suis,
906 3900 1081 3963 dedit
1100 3909 1165 3963 et
1185 3901 1481 3963 concessit
1506 3900 1798 3983 praedicto
1818 3899 2053 3962 Abbati
2080 3908 2145 3963 et
2170 3921 2498 3964 successor-

201 3983 340 4044 ibus
369 3982 495 4044 suis
521 4001 707 4043 unam
736 3982 1040 4044 culturam
1066 3981 1511 4059 terrae—illam,
1525 3982 1689 4057 scil„
1722 4002 1857 4063 quse
1891 3982 2057 4063 jacet
2096 3983 2497 4063 propinquior

198 4063 486 4126 bercariae
525 4064 716 4145 ipsius
758 4064 1021 4127 Abbatis
1061 4064 1139 4126 de
1181 4064 1492 4143 Sproxton
1534 4084 1614 4125 ex
1653 4072 1827 4144 parte
1868 4064 2168 4140 orientali,
2212 4071 2276 4126 et
2315 4065 2497 4146 juxta

267 4194 290 4225 ²
323 4194 382 4246 It
402 4194 450 4246 is
472 4194 702 4246 difficult
733 4198 793 4247 to
817 4194 1116 4247 determine
1139 4195 1288 4247 what
1476 4194 1498 4227 ²
1531 4195 1681 4247 Most
1719 4194 1891 4261 likely
1928 4195 2111 4247 arbele
2148 4211 2211 4246 or
2248 4195 2415 4258 arbel,
2462 4213 2497 4247 a

203 4259 339 4311 kind
377 4260 436 4311 of
479 4265 594 4311 tree
631 4262 678 4312 is
715 4266 899 4313 meant
944 4261 1086 4312 here.
1175 4260 1288 4311 The
1410 4261 1615 4328 species
1636 4260 1694 4311 of
1712 4260 1916 4328 poplar.

200 4325 356 4377 word
381 4326 428 4377 is
498 4326 666 4392 lainly
688 4326 922 4378 written.
995 4326 1110 4377 The
1141 4326 1286 4377 haw-
1471 4326 1495 4359 ⁸
1527 4326 1726 4377 F'renes
1739 4328 1785 4377 is
1798 4325 2266 4378 aFrenchwordin
2278 4326 2491 4392 reality,

201 4391 386 4452 thorn,
495 4391 585 4442 led
611 4395 647 4419 “
663 4392 786 4443 haw
800 4392 829 4416 '’
863 4392 923 4443 in
957 4406 1102 4442 some
1134 4396 1288 4457 parts
1409 4391 1516 4442 and
1539 4392 1759 4443 derived
1780 4392 1920 4444 from
1952 4390 2114 4443 Latin
2122 4392 2397 4457 ‚ti-axinus,
2422 4408 2493 4443 an

198 4456 264 4507 of
295 4455 404 4573 ab}
424 4456 696 4523 kingdom,
735 4473 836 4509 can
874 4457 1068 4523 hardly
1101 4456 1168 4508 be
1207 4458 1286 4508 in-
1409 4457 1703 4575 “P'Nulla

201 4526 298 4574 ten
337 4538 368 4573 e
409 4560 422 4573 .
1704 4560 1718 4573 .
