3075 5009
496 478 579 539 10

1124 490 1602 540 OABTULAlutm
1645 492 2106 543 MEVALLENSR.

696 649 942 782 &112
992 713 1413 780 Confirmatio
1440 714 1716 781 Henrioi
1743 714 1828 781 (16
1857 716 1933 779 M
1935 716 2096 781 ainil
2125 717 2206 783 de
2235 718 2538 784 Broetun.

672 818 949 868 Lxxxm.
996 803 1195 867 Carta
1222 800 1548 867 Winelmi
1576 802 1657 867 de
1686 801 2118 871 Mandavilla.

675 906 942 955 mxxv,
989 890 1187 954 Carta
1216 889 1483 953 Roberti
1511 889 1595 953 (16
1625 888 2009 973 sproxtona.

706 994 945 1043 Lxxxv,
991 978 1187 1042 Carta
1217 976 1523 1059 Symonis
1554 977 1634 1041 de
1666 977 2049 1061 Sproxtona.

675 1080 942 1129 LXXXVI.
991 1064 1187 1129 Carta
1214 1062 1475 1127 Radulfi
1504 1063 1586 1128 de
1615 1064 1815 1128 Vado.

657 1162 950 1221 Lxxxvn.
997 1150 1193 1216 Carta
1222 1150 1491 1215 Roberti
1520 1150 1604 1216 de
1633 1150 1965 1217 Surdeval.

626 1255 945 1307 Lxxxvm.
992 1237 1413 1303 Confirmatio
1430 1237 1701 1302 Roberti
1722 1237 1804 1303 de
1827 1238 2212 1305 Stuttevilla
2232 1240 2315 1306 de
2338 1238 2794 1309 Wellebume.

672 1342 942 1391 Lxxxnt.
996 1326 1193 1391 Carta
1220 1324 1422 1389 Alani
1453 1325 1535 1391 de
1566 1324 1812 1391 Ridale.

848 1426 953 1481 xc,
1000 1414 1196 1479 Carta
1254 1412 1499 1477 Prioris
1551 1412 1632 1477 de
1683 1411 2072 1478 Bredlinton
2113 1413 2197 1479 de
2248 1413 2368 1480 lite
2428 1418 2798 1483 terminata

1062 1500 1235 1565 inter
1262 1497 1622 1564 Monaehos
1651 1504 1720 1564 et
1748 1499 2036 1564 Alanum
2065 1498 2149 1565 de
2177 1500 2424 1567 Ridale.

812 1602 940 1654 101.
988 1585 1184 1738 Cart?
1204 1586 1406 1651 Alani
1434 1586 1517 1651 de
1534 1585 1768 1651 Ridale
1790 1586 1871 1651 de
1893 1587 2064 1651 dono
2093 1588 2434 1655 Benedicti
2463 1592 2536 1656 in
2564 1589 2791 1657 wim-

1062 1674 1145 1740 be
1172 1682 1309 1740 tun.

783 1776 941 1828 xcn.
989 1761 1187 1826 Carta
1213 1761 1260 1826 J
1262 1760 1539 1825 ohannis
1569 1760 1894 1825 Vinitoris
1923 1760 2006 1825 de
2035 1762 2405 1827 Beverlaeo.

752 1864 937 1914 xcm.
986 1850 1183 1915 Carta
1211 1847 1554 1913 Benedicti
1583 1846 1664 1913 de
1692 1847 2078 1913 Seuleootes.

761 1946 939 2003 xch.
986 1936 1183 2001 Carta
1208 1935 1511 2000 Widonis
1543 1933 1624 2001 de
1653 1934 1988 2000 Valverth.

782 2039 930 2088 xcv,
979 2023 1176 2088 Carta
1205 2022 1566 2106 Thorphini
1597 2022 1678 2087 de
1707 2021 2074 2087 Alvestain.

760 2126 935 2177 xcvx,
984 2112 1181 2175 Carta·
1225 2108 1497 2173 Acharii
1537 2109 1622 2174 de
1666 2108 1942 2173 'Punstal
1984 2109 2066 2174 de
2093 2125 2217 2175 XXI
2261 2112 2428 2184 acris
2471 2119 2664 2178 terrae
2707 2113 2786 2178 in

1060 2196 1385 2262 territorio
1414 2196 1495 2262 de
1526 2194 1872 2261 Bodeltun.

735 2302 937 2353 xcvn.
984 2286 1158 2351 Item
1186 2283 1456 2349 Acharii
1484 2283 1570 2349 de
1597 2283 1885 2376 Tunstal.

708 2389 941 2438 xcvln.
988 2373 1162 2438 Item
1192 2370 1463 2435 tharii
1493 2372 1574 2435 de
1604 2370 1895 2436 TunstaL

490 2506 497 2513 -
584 2460 649 2549 [Ι
662 2462 730 2547 9.]
760 2474 939 2529 110111.
984 2458 1407 2527 Confirmatio
1480 2457 1741 2523 Radulfi
1799 2456 1923 2521 filii
1993 2459 2230 2545 Rogeri
2289 2460 2370 2524 de
2428 2460 2784 2527 donatione

1058 2546 1327 2612 tharii
1355 2545 1439 2611 de
1466 2546 1760 2611 Tunstal.

884 2652 939 2701 c.
988 2634 1183 2701 Carta
1239 2632 1565 2697 willelmi
1621 2632 1746 2697 filii
1819 2633 2090 2699 Unfridi
2146 2633 2230 2699 de
2286 2641 2538 2718 septem
2612 2636 2782 2701 aeris

1056 2727 1245 2787 terrae
1272 2720 1345 2783 in
1374 2740 1604 2805 eampo
1632 2719 1714 2785 de
1745 2720 2084 2787 Bodelton.

853 2824 937 2876 01.
986 2809 1181 2874 Carta
1207 2806 1530 2877 willelmi
1559 2807 1678 2871 filii
1701 2808 1976 2873 Unfridi
2003 2808 2086 2873 (16
2107 2815 2252 2873 ooto
2273 2808 2440 2873 aeris
2469 2815 2538 2873 et
2567 2808 2782 2875 tribus

770 2928 775 2933 ·
944 2906 951 2915 ’
1058 2894 1401 2980 particulis
1428 2894 1500 2958 in
1529 2914 1760 2979 eampo
1791 2895 1872 2960 de
1904 2894 2248 2961 Bodeltun.

834 2999 942 3048 011.
991 2983 1188 3048 Carta.
1216 2981 1465 3048 Dolfini
1497 2982 1580 3047 de
1611 2981 1958 3048 Bodeltun.

806 3086 942 3135 0111.
988 3071 1185 3136 Carta
1214 3069 1483 3134 Roberti
1510 3068 1593 3133 de
1623 3068 1941 3154 Scyl-lage.

819 3172 945 3223 clv,
992 3158 1189 3223 Carta
1216 3155 1445 3221 Alardi
1473 3155 1554 3221 de
1583 3156 1988 3222 willardebi.

710 3252 715 3259 '
838 3260 943 3313 cv·
988 3242 1525 3394 Gertszannulfi
1553 3242 1677 3307 filii
1705 3243 1984 3309 Walteri
2027 3242 2109 3307 (16
2139 3250 2311 3307 terra
2339 3242 2663 3309 willelmi
2707 3245 2780 3309 in

1058 3331 1151 3395 Fo
1224 3338 1440 3395 etune.

812 3430 941 3485 (ΠΙ.
988 3418 1481 3503 cyrographum
1508 3418 1683 3482 inter
1710 3437 1830 3489 nos
1859 3422 1928 3483 et
1955 3416 2337 3482 Kirkeham.

793 3522 944 3572 cvn.
992 3506 1187 3571 Certa
1218 3504 1537 3589 Stephani
1566 3504 2016 3589 Mangevilain
2044 3503 2126 3568 de
2159 3510 2365 3568 vasto.

636 3638 643 3653 .
761 3608 941 3659 cvm.
988 3593 1183 3658 Carta
1212 3592 1449 3677 Rogeri
1476 3591 1926 3675 Mangevilain
1954 3591 2036 3657 de
2063 3598 2266 3655 vasto.

812 3696 941 3747 οῐΧ.
988 3681 1185 3745 Carta
1213 3679 1479 3744 Roberti
1507 3680 1590 3744 de
1619 3678 1824 3743 Vado,
1971 3746 1980 3755 ,

801 3779 942 3835 ,oz
991 3768 1188 3833 Carta
1231 3767 1466 3850 Rogeri
1508 3766 1592 3832 de
1633 3763 1918 3831 Molbrai
1961 3764 2042 3829 de
2086 3764 2310 3831 sedata
2337 3767 2782 3831 controversia

1061 3855 1234 3919 inter
1264 3874 1383 3923 nos
1410 3861 1478 3919 et
1504 3853 1798 3918 Alanum
1829 3852 1908 3919 de
1937 3852 2186 3917 Ridale.

819 3958 949 4007 cxl.
996 3942 1191 4007 Carta
1222 3941 1488 4005 Roberti
1516 3939 1600 4009 de
1627 3940 1910 4005 Molbrai
1939 3939 2022 4005 de
2050 3938 2370 4013 decimis„

782 4044 937 4095 cxn.
986 4029 1183 4094 Carta
1226 4028 1461 4113 Rogeri
1490 4027 1573 4093 de
1604 4027 1678 4093 M
1683 4027 1890 4092 olbrai
1933 4026 2014 4092 de
2057 4026 2288 4091 divisis
2331 4026 2506 4091 inter
2533 4025 2782 4092 Welle-

1016 4124 1023 4132 '
1062 4116 1267 4181 brune
1296 4122 1365 4180 et
1392 4115 1754 4181 Robertum
1782 4113 1866 4179 de
1893 4112 2205 4179 Dnivilla.

763 4219 945 4269 cxm.
994 4203 1191 4268 Carta
1219 4202 1452 4289 Roget-i
1483 4202 1564 4267 de
1595 4201 1878 4267 Molbrai
1907 4200 1989 4265 de
2021 4198 2570 4285 Oswaldesengae

768 4307 945 4357 cxlv,
990 4292 1187 4355 Carta
1213 4289 1461 4374 Nigelli
1482 4289 1566 4354 de
1586 4288 1874 4357 Molbrai
1902 4288 1985 4353 de
2015 4290 2344 4353 Houetun.

796 4394 941 4444 cxv,
990 4378 1185 4443 Carta
1216 4377 1491 4443 Comitis
1522 4375 1827 4460 Symonis
1856 4382 1924 4440 et
1953 4376 2176 4440 uxoris
2203 4373 2403 4438 illius.
2537 4407 2550 4419 ·

767 4480 941 4531 cxvl.
988 4464 1182 4531 Carta
1211 4463 1454 4529 Aelizae
1483 4464 1567 4530 de
1597 4464 1790 4529 Gant.
1901 4480 1908 4485 ·
