3075 5009
960 527 1433 578 cARTULARIUM
1462 527 1830 576 ROEVALLEN
1836 527 1928 574 SE.
2505 519 2538 572 2
2548 516 2582 571 3

388 750 627 814 XLIV.
674 765 768 815 111.
801 751 1093 816 GARTA
1136 750 1606 815 EVERARDI
1652 751 1777 814 DE
1822 749 1990 815 ROS
2035 749 2162 813 DE
2203 747 2502 812 SARTO.

386 874 449 960 [2
458 875 525 960 7]
544 874 863 940 Omnibus
884 875 943 939 S.
972 875 1205 940 Matris
1227 873 1720 952 Ecclesiae'filiiS‚
1749 873 2114 939 Everardus
2135 872 2216 937 de
2239 872 2386 948 Ros,
2407 869 2578 935 salu-
2604 883 2748 974 3¹13?
2737 881 2920 985 ἓξὲξ

296 967 451 1026 tem.
544 962 775 1026 Sciatis
798 983 903 1026 me
924 961 1195 1038 dedisse,
1213 969 1279 1027 et
1307 961 1429 1026 hac
1458 963 1764 1047 praesenti
1793 968 1970 1026 carta
1995 981 2140 1024 mea
2170 960 2576 1025 confirmasse
2603 985 2662 1035 by
2683 984 2878 1025 snm-a

297 1049 445 1113 Deo
488 1056 557 1112 et
602 1049 904 1114 Ecclesiae
948 1050 1009 1114 S.
1041 1048 1271 1114 Mariae
1301 1048 1614 1113 Rievallis
1659 1055 1726 1112 et
1768 1047 2100 1113 monachis
2145 1047 2388 1111 ibidem
2433 1045 2574 1109 Deo
2599 1035 2900 1138 gfaffiffl·

298 1135 753 1212 servientibus,
810 1156 928 1220 pro
986 1136 1197 1200 salute
1254 1136 1487 1200 animae
1554 1135 1828 1200 Walteri
1901 1135 2126 1218 Espec,
2185 1132 2572 1197 Fundatoris
2599 1136 2889 1238 ἓξξοῖὲξῠξῆ.

296 1223 593 1305 ejusdem
634 1223 958 1300 Ecclesiae,
1010 1231 1079 1288 et
1122 1222 1387 1288 Roberti
1432 1223 1513 1287 de
1557 1223 1710 1303 Ros,
1764 1223 1970 1307 patris
2020 1222 2168 1303 mei,
2214 1230 2280 1285 et
2327 1219 2576 1284 Sibillae
2599 1238 2720 1292 gum
2735 1239 2878 1290 ma

298 1309 531 1373 matris
594 1329 770 1385 meae,
824 1315 892 1374 et
948 1330 1066 1394 pro
1127 1309 1337 1375 salute
1390 1311 1624 1374 animae
1675 1331 1835 1374 meae
1885 1317 1954 1374 et
2004 1308 2227 1372 uxot-is
2279 1327 2456 1384 meae,
2509 1311 2577 1371 et

296 1395 593 1460 omnium
615 1397 943 1462 haeredum
964 1405 1031 1462 et
1062 1405 1402 1480 parentum
1424 1416 1732 1472 meorum,
1754 1397 1824 1460 in
1848 1415 2074 1479 puram
2105 1402 2170 1459 et
2199 1402 2576 1478 perpetuam

296 1483 741 1562 elemosinam,
777 1491 989 1548 totum
1050 1491 1297 1548 sartum
1344 1504 1564 1548 meum
1609 1491 1676 1548 et
1721 1483 1984 1548 boscum
2029 1481 2112 1546 ad
2170 1480 2574 1546 occidentem

296 1570 381 1635 de
426 1568 819 1645 Helmeslac‚
865 1591 980 1654 per
1020 1570 1137 1635 has
1196 1570 1682 1646 divisas—scil,
1742 1590 1781 1634 a
1831 1569 2000 1634 vado
2072 1567 2429 1632 molendini
2497 1565 2577 1632 de

298 1657 634 1741 Sproxtun
688 1658 859 1722 sicut
917 1659 1231 1722 fossatum
1296 1679 1519 1722 eorum
1571 1657 1754 1721 vadit
1817 1676 2073 1720 sursum
2125 1675 2334 1738 usque
2385 1674 2581 1738 super

298 1741 528 1808 cilium
570 1744 831 1819 montis,
861 1749 929 1809 et
970 1745 1184 1809 tendit
1224 1745 1379 1809 inde
1422 1751 1598 1809 recta
1640 1744 1814 1810 linea
1843 1763 2050 1826 usque
2095 1743 2176 1806 ad
2205 1761 2434 1826 rogum
2463 1742 2579 1826 qui

296 1837 403 1894 est
423 1831 619 1914 juxta
639 1831 1019 1914 praedictum
1050 1838 1315 1907 sartum,
1334 1838 1401 1896 et
1423 1831 1578 1896 inde
1609 1831 1779 1896 sicut
1809 1831 1982 1894 idem
2006 1830 2314 1894 fossatum
2347 1827 2580 1892 circuit

292 1925 568 1994 sartum,
619 1917 926 1982 claudens
972 1919 1164 2000 juxta
1216 1939 1285 1983 se
1336 1938 1564 1982 versus
1623 1927 1872 1983 sartum
1936 1915 2278 2000 quodlibet
2329 1914 2580 1998 lignum

296 2003 525 2081 viride,
555 2012 623 2068 et
651 2005 833 2069 venit
863 2022 1068 2088 usque
1098 2005 1181 2070 ad
1210 2004 1449 2069 vallem
1479 2025 1625 2089 quae
1655 2005 1838 2069 venit
1869 2005 1949 2068 de
1995 2001 2426 2068 Gerardedale
2466 2021 2582 2086 per

294 2090 475 2155 latus
520 2091 761 2156 montis
806 2112 1011 2175 usque
1054 2092 1137 2156 ad
1182 2091 1566 2176 praedictum
1611 2101 1876 2168 sartum,
1921 2098 1988 2155 et
2034 2089 2185 2154 inde
2234 2089 2406 2153 sicut
2456 2088 2578 2153 fos-

294 2185 517 2242 satum
548 2178 721 2243 idem
748 2179 933 2244 vadit
960 2189 1399 2244 transversum
1430 2179 1878 2256 Gerardedale‚
1907 2185 1977 2242 et
2019 2176 2317 2260 jungitur
2345 2176 2584 2240 fossato

292 2263 561 2328 illorum
605 2266 779 2348 quod
808 2265 992 2330 venit
1034 2267 1113 2330 de
1159 2267 1365 2342 Sarra,
1393 2286 1539 2350 quae
1573 2274 1674 2330 est
1711 2267 1882 2330 inter
1923 2273 1990 2328 te
2005 2281 2176 2328 tram
2219 2262 2462 2327 cultam
2499 2262 2581 2326 ad

290 2371 567 2436 parvam
598 2351 836 2416 Haiam
866 2352 948 2417 de
976 2353 1396 2430 Thillestona,
1426 2359 1493 2417 et
1522 2353 1616 2417 sic
1643 2358 1858 2418 totum
1887 2349 2318 2416 Gerardedale
2351 2369 2579 2413 versus

292 2437 451 2504 Grif
478 2459 595 2523 per
622 2438 863 2503 divisas
892 2440 1229 2523 praedictas
1258 2441 1416 2504 sarti
1445 2459 1649 2523 usque
1678 2439 1760 2504 ad
1805 2439 2142 2524 antiquam
2193 2438 2371 2500 viam
2409 2455 2542 2520 qua
2558 2435 2582 2474 ¹

290 2525 595 2590 homines
630 2526 807 2590 vinae
858 2527 939 2591 de
981 2527 1130 2590 Grif
1176 2526 1471 2591 solebant
1510 2523 1682 2612 [27l’]
1715 2527 1812 2591 ire
1854 2525 1938 2590 ad
1989 2524 2158 2589 mole
2180 2523 2455 2588 ndinum
2500 2521 2579 2587 de

292 2612 683 2696 sproxtona,
710 2620 779 2678 et
821 2611 973 2678 inde
1002 2633 1207 2698 usque
1238 2613 1319 2678 ad
1351 2613 1746 2699 Speragates,
1775 2622 1842 2678 et
1871 2613 2024 2677 inde
2055 2631 2168 2696 per
2200 2611 2578 2694 Speragates

292 2719 507 2784 nsque
536 2700 609 2763 in
640 2699 849 2777 Riam,
876 2711 943 2764 et
986 2701 1139 2765 inde
1182 2721 1299 2784 per
1336 2719 1572 2785 aquam
1617 2701 1698 2766 de
1728 2701 1855 2765 Ria
1883 2721 2032 2764 cum
2061 2708 2202 2763 tota
2231 2717 2404 2782 aqua
2433 2715 2576 2760 mea

294 2805 507 2870 usque
536 2787 621 2850 ad
649 2787 891 2851 vadum
908 2789 933 2828 ²
964 2787 1317 2851 molendini
1348 2788 1729 2870 praedictum
1769 2787 1850 2851 de
1881 2783 2576 2871 sproxtona—Omnia

292 2893 453 2938 vero
473 2893 619 2956 quae
650 2873 1065 2938 continentur
1086 2875 1257 2938 infra
1280 2872 1397 2938 has
1427 2875 1669 2939 divisas
1699 2873 1848 2939 dedi
1878 2873 2207 2959 praedictis
2237 2869 2572 2934 monachis

292 2959 691 3024 ——Tenenda
733 2961 803 3024 in
845 2967 1230 3045 perpetuum
1260 2960 1463 3025 libera
1490 2968 1559 3026 et
1587 2963 1810 3045 quieta
1837 2961 1920 3026 ab
1950 2959 2129 3024 omui
2160 2968 2413 3022 terreno
2443 2977 2572 3021 ser·

290 3046 463 3111 vitio
492 3053 559 3112 et
587 3048 923 3113 exactione
961 3047 1267 3113 saeculari.
1358 3047 1676 3113 Praeterea
1705 3046 1856 3112 dedi
1886 3047 2211 3132 praedictis
2243 3043 2574 3109 monachis

293 3185 309 3197 .
348 3183 363 3196 .
394 3181 411 3198 .
440 3153 851 3198 communem
880 3143 1211 3218 pasturam
1233 3134 1315 3199 de
1344 3134 1652 3200 Pokeleia
1673 3135 1744 3199 in
1767 3135 1959 3199 bosco
1982 3142 2049 3199 et
2070 3133 2283 3217 pluam,
2305 3132 2487 3196 intus
2509 3138 2576 3195 et

292 3225 503 3296 extra,
534 3241 649 3304 per
676 3221 910 3296 omnia,
941 3221 1143 3286 libere
1172 3230 1238 3286 et
1268 3220 1502 3306 quiete,
1530 3222 1616 3286 ad
1645 3241 1798 3288 oves
1829 3231 1896 3286 et
1924 3229 2153 3286 caetera
2180 3238 2411 3302 pecora
2439 3237 2576 3291 sua,

293 3312 371 3372 et
412 3307 747 3372 habebunt
790 3308 885 3372 ibi
928 3309 1264 3374 materiem
1314 3317 1382 3372 et
1426 3309 1605 3394 ligna
1653 3309 1735 3374 ad
1783 3328 1932 3373 suos
1975 3307 2264 3392 proprios
2311 3325 2469 3370 usus
2503 3305 2574 3368 in

294 3393 601 3458 omnibus
641 3394 847 3458 boscis
886 3394 1175 3477 ejusdem
1204 3394 1398 3472 villae,
1427 3403 1495 3461 et
1537 3415 1776 3480 pascua
1816 3402 1883 3459 et
1919 3393 2242 3478 pannagio.
2277 3391 2361 3456 ab
2398 3393 2576 3456 omni

292 3481 766 3546 consuetudine
817 3483 1055 3566 quieta,
1114 3489 1177 3546 et
1231 3488 1462 3547 caetera
1520 3483 1739 3546 omnia
1789 3483 2170 3546 aisiamenta
2225 3499 2362 3554 sua,
2405 3479 2577 3543 sicut

286 3567 563 3632 liberius
592 3576 657 3632 et
686 3568 971 3652 quietius
1006 3567 1325 3634 walterus
1354 3569 1564 3652 Espec
1592 3569 1972 3633 aisiamenta
2002 3587 2122 3632 sua
2149 3566 2242 3632 eis
2286 3564 2468 3630 dedit
2511 3573 2578 3629 et

292 3660 476 3719 carta
546 3675 665 3718 sua
738 3656 1143 3720 confirmavit
1200 3657 1271 3720 in
1330 3656 1652 3720 territorio
1710 3655 1790 3720 de
1851 3653 2240 3728 Helmeslac,
2291 3659 2358 3717 et
2407 3651 2578 3716 sicut

291 3741 619 3806 Bobertus
638 3741 719 3806 de
740 3743 889 3817 Boe,
907 3751 1092 3826 pater
1108 3763 1307 3819 mene,
1329 3751 1505 3807 carta
1534 3763 1669 3818 sua,
1691 3749 1759 3807 et
1781 3763 1897 3826 ego
1926 3750 2101 3806 carta
2123 3761 2285 3814 mea,
2307 3739 2579 3803 eandem

362 3886 385 3920 1
416 3885 659 3939 written
681 3905 853 3954 qmm.
1498 3890 1558 3943 of
1601 3889 1696 3942 the
1729 3889 1845 3942 said
1883 3891 1923 3918 ⁶⁴
1936 3889 2162 3952 divi-⁸32
2193 3887 2301 3939 aad
2337 3886 2579 3938 between
2639 3871 2661 3920 s

361 3951 385 3984 ²
416 3951 500 4005 On
546 3953 817 4006 reference
856 3958 917 4006 to
958 3955 1055 4008 the
1097 3959 1263 4008 terma
1315 3955 1375 4006 of
1499 3957 1549 4008 it
1567 3955 1676 4008 and
1708 3957 1803 4008 the
1835 3955 1992 4016 river,
2019 3971 2111 4007 ate
2131 3951 2439 4005 concerned.
2513 3951 2579 4002 In

286 4017 511 4070 Walter
542 4019 755 4086 Eupec’a
787 4020 1013 4086 original
1050 4025 1226 4087 grant,
1264 4021 1375 4072 and
1501 4023 1678 4073 virtue
1716 4021 1774 4072 of
1809 4021 1921 4072 this
2089 4024 2117 4070 t
2153 4018 2249 4070 the
2282 4017 2418 4068 abbe
2491 4015 2578 4068 be-

288 4084 391 4136 tho
412 4083 718 4135 endeavour
739 4085 895 4136 made
926 4087 983 4136 in
1016 4087 1111 4137 the
1143 4091 1296 4138 notes
1317 4091 1376 4138 to
1503 4103 1678 4138 comes
1719 4101 1956 4154 possesse
2047 4085 2102 4136 of
2157 4083 2304 4135 nearl
2387 4083 2407 4133 i
2485 4085 2583 4133 not

286 4156 458 4210 truce,
485 4150 737 4201 however
766 4151 1014 4236 roughly,
1039 4150 1190 4203 what
1220 4167 1375 4203 even·
1504 4153 1654 4220 quite
1674 4151 1770 4204 the
1791 4151 1964 4203 whole
1987 4150 2043 4202 of
2073 4150 2168 4201 the
2189 4153 2312 4200 sout
2351 4151 2585 4198 emmo-t

288 4215 429 4268 &ull
480 4215 725 4267 becomes
740 4215 837 4267 the
852 4217 1077 4268 huten:
1098 4221 1135 4244 ‘⁶
1150 4217 1377 4280 divisa,”
1643 4217 1701 4269 of
1721 4218 1871 4269 what
1891 4217 1938 4267 is
1959 4231 2080 4268 now
2103 4214 2196 4266 the
2217 4213 2508 4278 Township
2529 4213 2585 4264 of

290 4281 343 4333 it
361 4231 477 4334 1ἱῇ
496 4281 568 4332 be
588 4280 849 4332 obser-ved
872 4281 1012 4343 that,
1040 4282 1374 4350 practically,
1504 4223 1789 4334 ffigtvaulx.
1893 4281 1960 4333 In
2014 4282 2144 4342 fact,
2203 4279 2300 4330 the
2365 4278 2474 4328 line
2498 4341 2509 4354 ⁶
2528 4277 2586 4328 of

288 4347 387 4399 the
410 4350 635 4413 present
664 4353 829 4412 grant
860 4348 924 4408 is,
946 4353 1003 4398 to
1035 4364 1069 4398 a
1101 4363 1231 4414 very
1258 4364 1377 4400 con-
1504 4347 1790 4414 boundary
1809 4345 2001 4398 named
2024 4346 2150 4396 here
2173 4360 2232 4394 aa
2265 4341 2587 4410 proceedmg

288 4411 560 4464 nida-able
596 4417 801 4474 extent,
844 4412 1381 4530 supplementarzmto
1505 4413 1646 4464 from
1665 4413 1760 4464 the
1781 4411 1902 4464 ford
1925 4417 1982 4463 at
2005 4411 2274 4477 Sproxton
2297 4407 2420 4459 Mill
2443 4412 2590 4459 must

288 4479 355 4540 it,
396 4493 459 4530 no
496 4477 587 4530 far
619 4493 681 4528 as
724 4477 821 4528 the
864 4477 1105 4544 portion·
1150 4479 1207 4529 of
1344 4479 1379 4530 d
1505 4479 1646 4530 have
1667 4477 1859 4546 passed
1880 4493 1947 4528 ve
2027 4491 2157 4527 near
2178 4475 2222 4525 if
2238 4478 2335 4525 not
2349 4472 2590 4539 actually

288 4547 350 4596 to
380 4543 480 4594 the
514 4543 678 4594 south
713 4541 772 4593 of
804 4541 897 4594 the
932 4549 1383 4595 commenoement
1506 4561 1636 4595 over
1657 4545 1750 4595 the
1772 4544 1876 4594 site
1897 4543 1952 4595 of
2027 4541 2286 4592 nncombe
2308 4537 2468 4590 Park.
