3075 5009
569 493 698 558 378
1224 506 1699 555 οΑιιτυιΑΒιυΜ
1730 473 2213 555 Βωνωεὶεεκζ

565 666 664 727 33.
729 665 1013 726 OCLXVLl
1057 662 1454 726 Confirmatio
1507 661 1847 725 Alexandri
1903 661 2089 743 Papae
2146 660 2225 723 de
2278 662 2537 741 piscaria
2596 668 2663 723 et
2728 662 2865 724 aliis

1016 744 1494 826 possessionibus
1519 743 1783 805 Rievalli
1810 753 2108 824 perpetuo
2136 744 2387 806 collatis.

645 850 1004 913 Alexander
1040 897 1056 914 .
1098 895 1118 913 .
1160 894 1177 913 .
1223 849 1490 925 Silvano,
1514 848 1762 924 Abbati,
1789 859 1853 910 et
1878 849 2170 911 fratribus
2198 848 2682 911 Rievallensibus
2724 895 2741 912 .
2790 895 2805 910 .
2839 896 2855 913 .

672 939 738 994 to
755 938 1181 995 concurrentes
1197 950 1464 1006 assensu,
1482 931 1805 1011 piscariam
1820 936 1885 993 et
1899 930 2049 991 alias
2068 931 2473 1011 possessiones
2490 951 2527 992 a
2542 930 2865 992 Bernardo

608 1032 642 1075 e
663 1013 906 1077 Bailloil
933 1012 1308 1075 Monasterio
1327 1019 1532 1074 vestro
1552 1012 1656 1093 pia
1676 1012 1998 1093 largitione
2016 1032 2343 1087 concessas,
2366 1021 2432 1074 et
2692 1012 2863 1073 'ones

562 1094 699 1157 illas
735 1116 886 1176 quas
917 1094 1219 1158 Acharius
1239 1095 1265 1135 ²
1306 1092 1384 1155 de
1425 1094 1687 1155 Tunstal
1736 1099 1801 1156 et
1848 1093 2151 1157 Henricus
2198 1093 2277 1156 de
2320 1033 2751 1188 willard[0bi1
2794 1100 2862 1154 et

564 1176 851 1253 Alardus,
901 1176 1062 1237 filius
1110 1176 1262 1257 ejus,
1313 1176 1667 1255 praescripto
1720 1174 2101 1236 Monasterio
2140 1220 2157 1239 .
2200 1221 2219 1239 .
2264 1223 2279 1237 .
2324 1174 2645 1251 dederunt,
2698 1183 2862 1235 sicut

563 1278 666 1321 eas
713 1256 1158 1320 rationabiliter
1285 1255 1551 1333 ssidetis,
1580 1255 1757 1319 vobis
1806 1263 1871 1319 et
1912 1276 2025 1337 per
2072 1276 2181 1319 vos
2230 1256 2429 1318 eidem
2475 1256 2861 1318 Monasterio

568 1340 934 1403 auctoritate
961 1340 1200 1420 Aposto
1229 1338 1318 1401 ‘ca
1343 1338 1770 1400 confirmamus
1811 1383 1828 1399 .
1872 1383 1889 1400 .
1932 1384 1949 1401 .
1994 1337 2040 1399 ii
2071 1337 2220 1399 Idus
2248 1336 2478 1400 Martii.

566 1562 664 1623 34.
697 1556 1258 1702 ochvnl.⁸1[169]
1297 1557 1773 1639 Archiepiscopo
1827 1558 2007 1622 Ebot.
2066 1566 2132 1620 et
2186 1558 2321 1639 ejus
2368 1557 2857 1632 Archidiaconis,

728 1640 1018 1785 fgnffl
1107 1639 1348 1716 raelatis,
1408 1646 1482 1702 ut
1535 1638 1957 1720 juramentum
2018 1660 2142 1702 non
2206 1641 2456 1721 exigant
2494 1642 2557 1721 :a
2616 1638 2863 1701 Rieval-

645 1838 1001 1902 Alexander
1039 1886 1056 1903 .
1101 1886 1118 1903 .
1161 1888 1174 1903 .
1223 1840 1404 1903 Ebor.
1445 1838 1920 1921 Archiepiscopo
1968 1847 2035 1901 et
2079 1838 2559 1917 Archidiaconis,
2610 1845 2677 1901 et
2726 1838 2863 1900 aliis

565 1920 850 1983 Ecclesiae
941 1920 1166 1983 raelatis
1207 1921 1272 1981 in
1314 1920 1446 1999 ejus
1493 1920 1547 1981 E
1590 1921 1867 2001 iscopatu
1907 1920 2255 1985 constitutis
2294 1966 2312 1983 .
2356 1967 2373 1984 .
2420 1967 2436 1984 .
2479 1920 2863 1983 Auctoritati

565 2002 856 2064 Romanae
971 2001 1165 2065 clesiae
1185 2002 1524 2063 manifestae
1590 2010 1802 2083 erogat
1840 2048 1857 2065 .
1904 2048 1919 2065 .
1960 2049 1980 2067 .
2025 2002 2179 2064 Inde
2208 2008 2303 2063 est
2322 2000 2487 2083 quod
2506 2000 2861 2063 discretioni

565 2090 782 2145 vestrae
810 2084 1196 2147 Auctoritate
1222 2082 1577 2164 Apostolica
1616 2084 2007 2164 prohibemus
2034 2083 2323 2164 quatinus
2351 2082 2555 2145 nullus
2582 2090 2863 2144 vestrum

562 2164 642 2227 ab
669 2165 913 2227 Abbate
955 2164 1246 2227 Rievallis
1273 2163 1372 2226 vel
1412 2164 1711 2228 fratribus
1751 2166 1885 2247 ejus
1926 2165 2286 2227 Monasterii
2326 2164 2392 2226 in
2433 2163 2859 2226 testimonium

566 2246 799 2308 vocatis
866 2246 1282 2328 iuramentum
1335 2252 1549 2307 contra
1614 2244 1903 2309 instituta
1958 2246 2209 2307 Ordinis
2265 2244 2543 2307 cistercii
2612 2244 2859 2325 exigere

567 2336 912 2408 proesumat,
957 2334 1052 2390 set
1099 2328 1457 2408 interrogati
1501 2328 1618 2389 sub
1662 2326 1933 2409 periculo
1981 2328 2199 2389 animae
2240 2346 2383 2402 suae,
2415 2327 2513 2389 vel
2563 2326 2629 2388 in
2668 2326 2865 2388 verbo

565 2408 845 2471 veritatis
887 2429 1097 2472 eorum
1125 2408 1547 2471 testimonium
1588 2409 1831 2471 firmum
1873 2415 1939 2471 et
1978 2408 2195 2471 stabile
2235 2408 2447 2470 haberi
2475 2408 2865 2470 volumus—-

566 2488 802 2553 Datum
827 2490 1126 2573 Anagniae
1153 2490 1258 2552 xii.
1293 2490 1430 2553 Kal.
1464 2488 1659 2553 Madii
1690 2488 1832 2573 [sic]

569 2716 668 2779 35.
712 2715 980 2777 com!
1019 2712 1496 2794 Archiepiscopo
1552 2712 1735 2775 Ebor.
1780 2722 1846 2776 et
1886 2713 2170 2776 Dunelm.
2218 2711 2520 2795 Episcopo
2574 2714 2656 2776 de
2708 2714 2873 2776 deci·

728 2816 965 2857 marum
1011 2795 1296 2881 libertate
1337 2802 1552 2857 contra
1587 2796 1970 2876 quorundam
2008 2796 2467 2877 privilegiorum
2502 2796 2869 2875 interpreta-

727 2877 959 2940 tionem
987 2896 1349 2957 perversam.

650 2992 846 3079 [170].
889 2994 1246 3058 Alexander
1283 3042 1298 3059 .
1345 3042 1361 3059 .
1407 3042 1422 3059 .
1469 2994 1649 3059 Ebor.
1708 2994 2201 3075 Archiepiscopo,
2257 2995 2629 3075 Apostolicse
2686 2994 2871 3057 Sedis

567 3074 818 3157 LegatO,
865 3085 930 3140 et
967 3076 1256 3139 Dunelm.
1297 3074 1618 3173 Episcopo,
1663 3084 1728 3139 et
1777 3076 2008 3138 clericis
2048 3078 2115 3138 in
2161 3096 2373 3139 eorum
2415 3076 2872 3156 episcopatibus

567 3158 921 3221 constitutis
961 3206 978 3223 .
1022 3205 1037 3222 .
1083 3204 1100 3222 .
1143 3157 1530 3233 Audivimus,
1564 3167 1628 3221 et
1655 3156 1972 3220 audientes
2014 3158 2221 3220 mirati
2264 3178 2490 3234 sumus,
2520 3157 2689 3240 quod
2723 3176 2869 3219 cum

566 3238 888 3301 Fratribus
929 3239 1432 3315 Rievallensibus‚
1459 3241 1619 3301 sicut
1656 3240 1791 3301 aliis
1832 3240 2115 3303 omnibus
2141 3239 2559 3301 cisterciensis
2590 3239 2865 3315 Ordinis,

568 3340 606 3383 a
627 3321 906 3402 patribus
932 3330 997 3383 et
1027 3318 1569 3400 praedecessoribus
1598 3322 1824 3384 nostris
1847 3342 2197 3383 concessum
2226 3323 2325 3398 sit,
2354 3330 2419 3382 et
2446 3342 2483 3382 a
2507 3321 2688 3383 nobis
2716 3322 2871 3401 ipsis

568 3402 960 3483 postmodum
1000 3404 1442 3477 confirmatum,
1487 3409 1561 3464 ut
1599 3403 1679 3465 de
1718 3402 2032 3466 laboribus
2076 3422 2229 3483 quos
2276 3403 2535 3483 propriis
2580 3403 2870 3465 manibus

569 3490 678 3547 aut
739 3482 1084 3564 sumptibus
1147 3484 1526 3547 excoluerint
1580 3485 1813 3547 nemini
1873 3482 2138 3546 decimas
2207 3486 2443 3547 solvere
2512 3492 2865 3560 teneantur,

567 3566 823 3709 guidam
860 3565 937 3627 ab
973 3566 1062 3627 eis
1102 3566 1536 3629 nichilominus
1564 3572 1777 3627 contra
1814 3566 2262 3647 indulgentiam
2290 3565 2466 3627 Sedis
2491 3565 2873 3645 Apostolicae

613 3648 833 3710 ecimas
876 3646 972 3709 exi
1017 3667 1118 3709 ere
1156 3654 1220 3709 et
1255 3656 1620 3727 extorquere
1661 3656 2058 3727 praesumunt,
2100 3656 2181 3723 et,
2222 3647 2471 3709 sinistra
2504 3646 2872 3729 interpreta-

567 3728 738 3791 tione
759 3730 818 3790 A
901 3736 996 3791 sto
1023 3730 1254 3791 icorum
1285 3728 1741 3809 privilegiorum
1762 3728 2097 3809 capitulum
2126 3736 2561 3811 pervertentes,
2586 3736 2877 3791 asserunt

569 3809 648 3872 de
675 3830 798 3871 nov
865 3810 996 3872 ‘bus
1018 3810 1240 3873 debere
1261 3810 1525 3892 intelligi
1556 3809 1674 3872 nisi
1703 3810 1781 3872 de
1807 3810 2116 3872 laboribus
2144 3817 2238 3871 est
2264 3810 2578 3872 insertum.
2662 3810 2873 3886 Quum

567 3890 761 3973 igitur
789 3892 1182 3954 manifestum
1211 3900 1306 3954 est
1331 3892 1613 3955 omnibus
1647 3892 1755 3971 qui
1796 3898 1959 3953 recte
2000 3892 2249 3973 sapiunt
2288 3892 2873 3972 interpretationem

567 3973 922 4054 hujusmodi
981 3994 1329 4054 perversam
1387 3994 1518 4035 esse
1576 3980 1642 4034 et
1695 3974 2039 4035 intellectui
2091 3994 2241 4035 sano
2301 3972 2687 4048 contrariam,
2748 3982 2868 4035 etc.

565 4054 746 4131 Nam,
779 4055 830 4117 si
859 4054 936 4117 de
963 4056 1282 4118 novalibus
1323 4056 1727 4118 voluissemus
1767 4063 2011 4117 tantum
2039 4054 2301 4135 intelligi
2328 4055 2436 4118 ubi
2478 4055 2763 4135 ponimus
2792 4056 2873 4117 de

566 4136 892 4213 laboribus,
925 4137 1004 4199 de
1040 4137 1359 4200 novalibus
1401 4156 1785 4219 poneremus,
1822 4137 1982 4199 sicut
2014 4136 2079 4198 in
2120 4136 2456 4231 privilegiis
2483 4134 2872 4217 quorundam

568 4220 932 4300 apponimus
979 4218 1254 4281 aliorum.
1361 4218 1520 4294 Quia
1575 4238 1722 4281 vero
1775 4238 1901 4280 non
1956 4226 2051 4279 est
2104 4238 2472 4281 convemens
2524 4225 2599 4279 ut
2654 4224 2875 4279 contra

565 4300 856 4364 instituta
894 4300 1070 4363 Sedis
1108 4300 1480 4381 Apostolicae
1525 4344 1540 4361 .
1584 4347 1599 4362 .
1642 4346 1661 4365 .
1705 4300 1808 4361 Ad
1850 4300 1983 4375 hoc,
2029 4300 2422 4380 praesentium
2448 4300 2623 4361 vobis
2663 4306 2877 4361 aucto-

763 4456 786 4491 1
819 4456 1062 4535 omittqd
1084 4461 1144 4509 at
1165 4474 1216 4523 p.
1249 4458 1358 4511 197.
1966 4455 1989 4489 ³
2021 4454 2262 4537 Omitted
2286 4462 2345 4509 at
2366 4474 2419 4524 p.
2452 4458 2564 4510 198.

762 4521 786 4555 ⁸
816 4523 1100 4574 senam.
1966 4522 1989 4555 ⁴
2020 4522 2263 4574 omas
2284 4528 2345 4575 at
2366 4540 2419 4589 p.
2446 4524 2555 4574 199.
