3075 5009
504 523 631 588 182
1154 535 1638 588 calamantum
1665 537 2133 588 mirumst.

458 703 471 714 '
502 703 573 762 et
613 697 730 782 per
756 696 1043 783 aliquem
1085 696 1457 763 saecularem
1500 694 1809 772 excolere,
1849 695 1945 762 ita
1987 702 2066 760 nt
2105 695 2332 761 nullus
2375 695 2654 762 fratrum
2691 694 2793 760 ibi

502 783 774 863 habitet,
802 805 923 851 nec
942 783 967 826 ¹
998 785 1267 885 grangia
1291 783 1387 849 ibi
1428 783 1560 848 fiat.
1647 783 1983 848 Animalia
2009 783 2248 868 aliquis
2277 781 2666 859 saecularis,
2644 801 2792 867 ipse

503 871 621 956 qui
662 873 903 936 terram
942 873 1245 948 tennerit,
1286 870 1381 935 ibi
1398 890 1689 971 ‘pascere
1731 871 1991 954 poterit
2015 871 2376 936 secundum
2423 868 2790 955 legitimam

506 957 1003 1024 aestimationem
1058 964 1247 1024 terrae
1288 957 1497 1043 ipsius
1545 955 1608 1045 [1
1621 956 1764 1042 52¹²]
1817 957 1900 1022 ad
1944 958 2287 1023 arbitrium
2343 957 2792 1042 legitimorum

503 1045 860 1123 hominum,
878 1045 999 1110 vel
1023 1045 1372 1122 Abbatum,
1400 1064 1517 1130 per
1559 1064 1722 1128 quos
1765 1044 2060 1130 querelae,
2097 1042 2158 1110 si
2198 1065 2346 1128 quae
2387 1043 2796 1119 emerserint,

502 1133 1041 1198 terminabuntur.
1110 1133 1193 1197 In
1214 1153 1353 1216 quo
1367 1133 1564 1196 verbo
1584 1131 1886 1196 Fratrum
1906 1131 1989 1197 de
2011 1129 2539 1216 Semplingaham
2561 1130 2796 1196 melior

504 1225 606 1284 est
655 1219 962 1299 conditio,
1010 1219 1167 1315 quia
1224 1218 1762 1285 cisterciensibus
1809 1217 2032 1284 taliter
2079 1218 2332 1304 aliquid
2381 1227 2604 1283 tenere
2655 1237 2794 1281 non

501 1305 674 1372 licet.
765 1305 935 1384 Quia
961 1326 1116 1373 vero
1144 1305 1523 1391 Capitulum
1553 1305 1852 1372 Cistercii
1879 1311 2198 1370 remotum
2229 1312 2348 1384 est,
2365 1311 2432 1370 et
2457 1310 2792 1370 statutum

504 1399 605 1458 est
633 1398 710 1458 ut
738 1415 778 1458 a
808 1393 1111 1478 Capitulo
1153 1394 1298 1478 ipso
1340 1398 1473 1458 tres
1516 1392 2006 1458 constituuntur
2033 1392 2328 1457 Abbates
2357 1391 2474 1476 qui
2501 1391 2790 1476 plenam,

502 1481 885 1546 auctoritate
916 1480 1199 1558 Ordinis,
1226 1479 1512 1545 habeant
1538 1483 1943 1563 potestatem,
1972 1500 2122 1544 cum
2153 1479 2460 1544 fratribus
2490 1478 2573 1545 de
2603 1479 2792 1543 Sem-

500 1565 839 1666 pliiigham
868 1567 1077 1633 tribus
1105 1567 1225 1653 qui
1249 1567 1523 1632 sanioris
1545 1571 1737 1632 erunt
1757 1565 2034 1643 consilii,
2053 1565 2452 1632 terminandi
2471 1564 2792 1650 querelas,

502 1653 561 1718 si
591 1674 737 1738 quae
764 1655 1143 1720 emerserint
1169 1655 1344 1721 inter
1371 1673 1500 1732 eos,
1528 1672 1651 1719 nec
1688 1653 1916 1718 licebit
1955 1653 2168 1718 cuivis
2210 1674 2436 1719 eorum
2469 1652 2554 1717 ad
2585 1653 2791 1718 aliam

501 1741 901 1806 audientiam
943 1763 1205 1807 causam
1249 1741 1496 1806 deferre
1538 1740 1744 1806 donec
1785 1759 2074 1825 personae
2117 1741 2200 1806 ad
2243 1741 2382 1806 haec
2432 1740 2570 1805 desi
2661 1748 2791 1808 3133

500 1829 924 1894 convenerint
951 1828 1156 1895 semel
1182 1835 1251 1894 et
1278 1829 1535 1904 iterum,
1563 1835 1635 1892 et
1660 1827 1745 1892 de
1773 1828 2209 1892 controversia
2234 1827 2560 1894 terminan
2605 1847 2648 1891 a
2676 1827 2790 1892 vel

499 1916 963 2016 compositione
981 1917 1090 1982 vel
1112 1915 1362 1998 judicio
1380 1912 1834 1979 laboraverint.
1922 1914 2246 1980 Ecclesia-s
2266 1914 2442 1980 infra
2469 1913 2790 1979 terminos

500 2001 825 2086 suscipere
888 2022 1022 2068 non
1082 2002 1602 2087 prohibebuntur
1657 2003 1888 2067 fratres
1936 2001 2020 2066 de
2071 2001 2579 2087 Semplingham,
2637 2000 2788 2066 sine

470 2089 764 2174 'grangia
790 2089 898 2154 vel
934 2089 1257 2170 bercaria3
1296 2088 1520 2154 domos
1563 2092 1786 2154 tamen
1829 2087 1913 2153 ad
1951 2089 2353 2154 mansionem
2385 2088 2792 2166 clericorum,

498 2175 566 2239 et
607 2176 941 2261 grangiam
983 2177 1066 2241 ad
1111 2177 1395 2241 decimas
1422 2175 1532 2239 vel
1576 2195 1852 2240 messem
1888 2175 1971 2241 de
2011 2182 2180 2240 terra
2213 2176 2522 2242 Ecclesiae
2555 2195 2788 2259 repon-

497 2263 750 2340 endam,
778 2270 845 2328 et
887 2263 1196 2328 animalia
1237 2263 1448 2328 eidem
1490 2270 1678 2327 terrae
1721 2283 2018 2347 congrua,
2059 2263 2234 2326 infra
2269 2262 2500 2328 villam
2543 2261 2790 2328 habere

495 2348 739 2416 licebit.
849 2351 991 2416 Nec
1032 2351 1447 2436 grangiarum
1490 2351 1890 2415 constructio
1929 2349 2261 2434 prohibita
2304 2356 2405 2415 est
2445 2349 2564 2414 ubi
2607 2369 2787 2433 aqua

497 2437 759 2520 grandis
802 2438 1146 2522 interjacet
1188 2438 1359 2503 circa
1390 2437 1554 2501 fines
1589 2436 1754 2513 illos,
1785 2457 1906 2502 nec
1947 2436 2114 2502 vado
2157 2456 2282 2502 nec
2321 2443 2524 2521 ponte
2565 2443 2787 2501 trans-

497 2523 808 2590 meabilis.
944 2525 1340 2608 Ubicunque
1410 2523 1703 2588 Ecclesia
1787 2544 1921 2589 una
1991 2523 2327 2588 usuarium
2413 2529 2600 2589 tenet
2670 2523 2787 2588 vel

497 2618 798 2694 pasturae,
824 2612 998 2697 prati
1022 2612 1130 2677 vel
1158 2611 1457 2688 nemoris,
1486 2611 1626 2676 sive
1655 2610 1728 2674 in
1766 2618 2170 2695 perpetuum,
2197 2611 2338 2675 sive
2367 2610 2454 2675 ad
2497 2617 2785 2694 tempus,

494 2696 701 2764 altera
727 2699 1034 2776 Ecclesia,
1062 2719 1185 2765 nec
1214 2718 1330 2799 per
1372 2718 1459 2776 33,
1489 2705 1609 2762 333
1651 2717 1768 2782 per
1809 2697 2095 2781 aliquem
2138 2717 2499 2782 personam,
2527 2697 2786 2781 aliquid

495 2783 684 2886 [153]
716 2785 811 2850 ibi
838 2787 1145 2870 deinceps
1174 2784 1415 2850 sibiac
1338 2785 1650 2870 acquiret,
1676 2804 1798 2849 nec
1833 2805 1942 2851 eos
1977 2784 2093 2868 qui
2129 2791 2358 2850 tenent
2398 2785 2556 2849 dum
2585 2790 2784 2849 tenu-

496 2871 685 2949 erint,
713 2871 863 2937 dolo
889 2872 1108 2957 aliquo
1130 2873 1239 2938 vel
1266 2880 1491 2956 aperta
1512 2871 1924 2956 oppressione
1945 2871 2258 2954 gravabit.
2349 2870 2669 2936 Similiter
2695 2871 2782 2936 de

494 2959 683 3024 terris
735 2979 895 3042 quas
947 2960 1031 3025 ad
1081 2959 1333 3024 firmam
1392 2957 1812 3042 temporalem
1863 2965 2108 3034 tenent,
2157 2959 2317 3022 dum
2369 2979 2480 3024 eas
2529 2964 2784 3035 tenent,

496 3045 681 3109 nullo
725 3047 917 3110 modo
962 3047 1043 3110 ab
1088 3046 1235 3111 aliis
1281 3045 1517 3110 exinde
1559 3045 2020 3128 gravabuntur,
2054 3065 2172 3110 nec
2215 3045 2482 3110 interim
2511 3065 2781 3130 quoquo

495 3132 686 3231 modo
714 3132 817 3198 illi
844 3133 1005 3198 31111
1001 3153 1109 3198 333
1140 3134 1467 3217 acquirere
1496 3132 1920 3196 conabuntur.
2011 3133 2381 3198 Servientes
2423 3151 2782 3198 mercenar-

494 3218 591 3284 ios
619 3219 871 3285 Domus
900 3221 1097 3285 unius
1129 3220 1393 3285 Ordinis
1410 3220 1664 3285 Domus
1686 3219 1953 3292 alterius
1977 3219 2258 3296 Ordinis,
2287 3219 2494 3286 donec
2515 3226 2780 3304 tempus

494 3325 688 3371 3113111
732 3307 1157 3391 expleverint,
1188 3327 1320 3372 11311
1362 3305 1649 3372 attrahet
1691 3305 1836 3382 sibi,
1879 3326 2090 3390 neque
2132 3307 2422 3390 recipiet.
2509 3305 2583 3370 si
2615 3305 2780 3406 ‘quis

493 3393 771 3458 fratrum
798 3394 922 3460 hoc
948 3394 1450 3479 praesumpserit,
1476 3393 1552 3457 in
1594 3413 1713 3458 suo
1755 3393 2058 3477 Capitulo
2099 3393 2459 3493 regularem
2501 3393 2780 3478 recipiat

494 3479 927 3564 disciplinam,
972 3489 1039 3547 et
1092 3483 1176 3548 ad
1228 3480 1609 3565 Capitulum
1656 3479 1925 3545 alterius
1975 3479 2282 3546 Ecclesiae
2331 3480 2635 3544 mittatur
2679 3481 2778 3544 ibi

497 3586 755 3652 quoque
799 3569 1081 3635 similem
1130 3589 1391 3653 poenam
1444 3567 1792 3632 subiturus.
1901 3567 2345 3633 Mercenarius
2397 3574 2618 3633 autem
2678 3567 2776 3632 sic

492 3662 787 3738 receth
818 3655 999 3721 nullo
1028 3656 1221 3720 modo
1250 3655 1623 3720 retineatur.
1719 3654 1791 3718 Si
1819 3653 2006 3736 pueri
2042 3674 2081 3718 a
2109 3654 2490 3738 parentibus
2531 3653 2777 3720 redditi

492 3761 533 3804 a
559 3741 869 3807 fratribus
896 3743 980 3808 de
1008 3742 1495 3827 semplingham
1522 3741 1769 3806 fuerint
1813 3740 2088 3818 educati,
2116 3741 2224 3807 vel
2267 3740 2474 3826 aliqui
2501 3741 2778 3806 forsitan

491 3826 799 3895 similiter
820 3850 859 3895 a
889 3829 1447 3906 cisterciensibus,
1475 3849 1626 3918 cum
1657 3827 2040 3904 adoluerint,
2063 3827 2206 3893 sine
2235 3849 2456 3893 eorum
2485 3847 2776 3906 assensu,

491 3915 783 3999 recipere
818 3937 927 3982 333
970 3916 1117 3982 31113
1163 3917 1425 4002 penitus
1467 3935 1602 3979 non
1646 3915 1882 3980 licebit.
1974 3915 2157 3978 Dum
2199 3914 2420 3999 aliqua
2463 3914 2776 3991 Ecclesia,

490 4002 600 4066 vel
626 4011 1010 4068 mercatores
1038 4005 1095 4088 ej
1104 4024 1178 4068 us
1208 4003 1478 4086 aliquid,
1506 4003 1648 4068 sive
1680 4001 1920 4067 mobile
1954 4002 2092 4067 sive
2119 4001 2472 4078 immobile,
2500 4003 2773 4068 mercari

490 4089 824 4173 coeperint,
863 4090 1067 4156 donec
1115 4090 1505 4167 destiterint,
1548 4109 1697 4175 pars
1739 4089 1872 4154 alia
1913 4109 2054 4154 sese
2097 4088 2333 4154 exinde
2375 4109 2506 4154 non
2566 4089 2774 4154 intro-

488 4175 727 4242 mittet.
836 4177 1019 4242 Tunc
1070 4185 1292 4244 autem
1342 4197 1475 4242 non
1526 4176 1961 4260 imputabitur
2011 4175 2218 4240 teneri
2265 4176 2410 4260 ipsa
2461 4177 2770 4242 mercatio

486 4283 639 4328 cum
668 4264 809 4329 3133
836 4266 1113 4330 termino
1142 4265 1381 4349 aliquo,
1408 4263 1517 4328 vel
1547 4263 1846 4339 induciis,
1876 4283 1915 4326 a
1943 4263 2276 4328 venditore
2307 4263 2769 4330 discessissent.

488 4350 777 4436 Singulis
810 4352 1015 4418 annis
1068 4351 1269 4417 semel
1318 4349 1685 4436 plenarium
1736 4313 2020 4415 officium
2071 4359 2140 4414 et
2187 4349 2552 4434 generalem
2603 4371 2770 4416 com-

485 4437 1018 4504 memorationem
1048 4439 1503 4505 defunctorum
1532 4457 1815 4514 suorum,
1844 4458 1996 4502 cum
2023 4437 2402 4522 parentibus
2437 4442 2505 4502 et
2531 4437 2771 4502 famili-

1519 4547 1540 4580 1
1573 4547 1714 4600 Non.
