3075 5009
883 488 1355 538 oARTULAmun
1384 488 1850 539 RIEVALLENSE.
2383 478 2504 538 305

220 647 393 712 alius
422 646 689 712 habebit
714 645 936 731 aliqua
963 667 1195 731 pecora
1221 645 1293 710 in
1322 645 1550 712 eadem
1577 653 1846 730 pastura
1889 651 2124 730 praeter
2167 645 2507 730 praedictos

221 733 613 802 monachos:
658 733 1154 799 Concessionem
1184 782 1201 800 .
1231 784 1247 801 .
1278 783 1293 799 .
1325 753 1487 817 quas
1518 732 1918 799 Gillebertus
1949 727 2030 797 de
2061 733 2303 811 Ganth,
2331 733 2507 798 filius

220 820 570 886 Gilleberti
614 820 695 885 de
726 820 969 899 Ganth,
996 871 1013 890 .
1046 871 1061 887 .
1090 870 1107 888 .
1135 820 1295 886 fecit
1320 822 1463 885 Deo
1492 869 1509 888 .
1539 871 1556 888 .
1588 870 1604 884 .
1635 820 1718 885 de
1745 826 1884 884 tota
1911 819 2258 885 donatione
2302 821 2504 904 patris

218 909 327 972 sui
354 928 553 993 quam
596 907 753 972 fecit
796 907 889 973 eis
932 929 1047 992 per
1087 915 1332 973 cartam
1370 927 1558 972 suam
1586 907 1668 972 de
1715 914 1850 972 tota
1879 913 2142 990 pastura
2169 907 2250 971 de
2282 907 2506 972 Suale-

219 995 387 1074 dale,
414 1015 567 1060 cum
593 995 1031 1080 pertinenciis,
1058 995 1233 1060 infra
1260 1001 1465 1060 certas
1495 994 1738 1059 divisas
1780 994 1853 1058 in
1881 993 2057 1059 dicta
2084 1002 2260 1058 carta
2302 995 2506 1079 patris

220 1082 327 1146 sui
356 1088 735 1148 contentasz
779 1082 1273 1147 Concessionem
1310 1132 1326 1149 .
1371 1131 1387 1148 .
1432 1131 1449 1148 .
1478 1101 1642 1165 quas
1670 1083 1717 1147 J
1720 1080 2008 1145 ohannes
2037 1080 2118 1146 de
2149 1080 2508 1158 Britannia,

220 1169 453 1234 Comes
482 1169 937 1234 Richmundiae
967 1169 1199 1254 [filius]
1240 1169 1448 1234 Ducis
1492 1168 1850 1233 Britanniae
1877 1168 2361 1252 primogenitae,
2391 1188 2506 1252 per

220 1257 540 1340 scriptum
570 1276 763 1320 suum
792 1257 951 1322 fecit
978 1256 1121 1321 Deo
1148 1305 1165 1324 .
1198 1305 1215 1326 .
1244 1305 1259 1321 .
1290 1255 1374 1321 de
1403 1255 1705 1336 omnibus
1749 1256 1940 1320 terris
1985 1263 2054 1320 et
2095 1255 2505 1333 tenementis,

217 1343 505 1427 pasturis
535 1348 603 1407 et
643 1343 1008 1428 mesuagiis,
1037 1364 1188 1408 cum
1232 1341 1666 1427 pertinenciis,
1696 1362 1842 1426 quse
1884 1341 2128 1406 habent
2170 1349 2238 1406 et
2279 1348 2507 1406 tenent

220 1430 303 1494 de
332 1430 522 1494 feodo
550 1449 667 1494 suo
697 1430 772 1493 in
802 1429 1159 1507 Sualedale,
1188 1437 1257 1495 et
1284 1430 1365 1494 de
1395 1437 1534 1494 toto
1565 1428 1740 1513 quod
1781 1429 2024 1494 habent
2066 1436 2134 1494 et
2175 1437 2406 1494 tenent
2433 1429 2506 1493 in

218 1517 343 1581 Est
373 1516 654 1581 Boletun
695 1516 769 1582 in
796 1516 1272 1593 Wensleddale,
1320 1537 1471 1582 cum
1515 1516 1818 1581 omnibus
1864 1517 2298 1600 pertinenciis„
2328 1524 2396 1581 et
2422 1514 2505 1581 de

214 1604 425 1668 libero
452 1605 737 1668 transitu
766 1609 834 1668 et
860 1603 1129 1688 pacifico
1156 1603 1443 1668 chimino
1472 1602 1770 1668 habendo
1799 1603 2126 1686 praedictis
2170 1603 2503 1668 monachis

218 1699 290 1756 et
346 1690 671 1755 conversis
745 1690 899 1768 suis,
945 1690 1315 1755 hominibus
1376 1696 1445 1755 et
1490 1689 1925 1755 servientibus
1972 1689 2343 1768 eorundem,
2390 1711 2508 1773 per

218 1779 528 1843 forestam
569 1777 779 1862 ipsius
821 1778 1094 1843 Comitis
1124 1778 1205 1842 de
1244 1777 1693 1842 Richemunde
1726 1797 1843 1861 per
1886 1783 2092 1842 certas
2135 1777 2388 1842 bundas
2439 1784 2507 1842 et

216 1872 427 1930 metas
484 1866 557 1929 in
610 1865 836 1929 eodem
892 1865 1135 1949 scripto
1186 1870 1562 1928 contentas:
1620 1863 2058 1929 Donationem
2116 1911 2133 1929 .
2193 1913 2210 1930 .
2267 1913 2284 1930 .
2343 1884 2506 1948 quas

214 1952 532 2018 Albertus
560 1951 735 2016 filius
769 1951 1039 2017 Henrici
1068 1951 1149 2016 de
1179 1950 1706 2035 Hundemaneby
1743 2001 1759 2018 .
1802 2001 1818 2018 .
1866 2001 1882 2018 .
1930 1951 2086 2015 fecit
2112 1951 2256 2015 Deo
2286 2001 2300 2016 .
2331 1999 2346 2016 .
2378 1999 2394 2016 .
2425 1951 2507 2016 de

214 2046 391 2104 terra
418 2041 489 2103 in
520 2038 912 2116 Grainehou,
942 2059 1091 2104 cum
1121 2038 1560 2123 pertinenciiS,
1582 2044 1905 2122 quantum
1933 2038 2218 2122 pertinet
2241 2038 2322 2101 ad
2344 2036 2507 2102 duas

217 2126 731 2204 bovatas-—scil.,
776 2125 857 2190 de
900 2147 1035 2191 una
1076 2147 1223 2190 acra
1269 2131 1337 2189 et
1382 2131 1614 2209 quarta
1660 2132 1843 2209 parte
1894 2125 2090 2190 unius
2137 2126 2506 2209 perticatae:

217 2213 715 2278 Concessionem
760 2263 775 2278 .
816 2263 831 2278 .
877 2261 895 2280 .
940 2234 1101 2297 quas
1150 2213 1380 2278 Comes
1429 2212 1676 2296 Symon
1718 2262 1733 2276 .
1783 2257 1800 2276 .
1841 2261 1858 2278 .
1903 2211 2060 2276 fecit
2112 2211 2255 2277 Deo
2287 2261 2300 2278 .
2330 2262 2346 2277 .
2377 2261 2391 2276 .
2425 2212 2506 2276 de

217 2299 473 2364 duabus
502 2300 757 2364 bovatis
786 2307 994 2378 terrae,
1024 2321 1174 2365 cum
1203 2299 1642 2384 pertinenciiS,
1671 2299 1742 2362 in
1771 2299 2092 2362 territorio
2122 2298 2203 2364 de
2231 2298 2505 2365 Hunde-

214 2387 544 2466 mannebi,
595 2407 722 2464 eas,
770 2387 983 2465 videl„
1034 2407 1197 2470 quas
1251 2387 1483 2452 Comes
1524 2385 1922 2450 Gillebertus
1967 2385 2048 2450 de
2095 2385 2275 2450 Gant
2313 2392 2506 2450 antea

212 2475 351 2540 illis
396 2474 767 2550 donaverat,
812 2481 881 2539 et
922 2474 1005 2538 de
1056 2474 1389 2538 mansione
1440 2472 1752 2537 fratribus
1789 2492 2011 2536 eorum
2047 2472 2220 2537 sicut
2264 2473 2506 2536 fossata

212 2582 438 2627 eorum
496 2581 612 2646 per
669 2560 1014 2625 circuitum
1070 2581 1292 2625 eorum
1340 2566 1858 2646 praemonstrant,
1905 2565 1972 2624 et
2030 2559 2112 2624 de
2170 2560 2502 2624 communi

210 2655 481 2734 pastura
522 2649 596 2713 in
648 2648 875 2713 eodem
922 2647 1243 2713 territorio
1294 2647 1381 2712 ad
1423 2647 1814 2732 quingentas
1856 2665 2026 2722 oves,
2055 2652 2122 2711 et
2165 2645 2249 2710 ad
2307 2645 2504 2711 boves

212 2742 285 2801 et
328 2756 527 2821 equos
571 2742 893 2819 quantum
936 2733 1221 2820 pertinet
1278 2733 1363 2800 ad
1405 2739 1685 2818 quatuor
1727 2734 2186 2798 carucae—Ita
2227 2740 2306 2797 ut
2348 2733 2504 2798 foris

210 2831 285 2889 et
312 2823 493 2888 intus
521 2823 723 2887 libere
750 2819 1157 2907 pascant[ur]
1187 2820 1580 2904 ubicunque,
1610 2871 1626 2888 .
1658 2870 1673 2885 .
1706 2869 1722 2886 .
1752 2825 1821 2884 et
1840 2819 1921 2883 de
1940 2819 2286 2884 donatione
2307 2840 2504 2903 quam

212 2910 604 2994 Radulphus
632 2907 716 2974 de
744 2909 813 2972 N
814 2908 1014 2973 ovilla
1043 2908 1197 2972 fecit
1227 2909 1321 2973 eis
1349 2907 1432 2972 de
1460 2927 1595 2972 una
1623 2911 1924 2972 carucata
1953 2913 2160 2983 terrae,
2189 2927 2340 2970 cum
2369 2927 2506 2990 per-

210 2997 537 3074 tinenciis,
589 3016 739 3081 quae
785 2995 917 3060 fuit
968 2995 1210 3060 Alfrici
1258 2995 1331 3059 in
1376 2995 1606 3079 Strop’,
1657 3002 1724 3058 et
1773 2994 1856 3059 de
1907 2993 2256 3058 donatione
2307 3014 2505 3078 quam

210 3083 603 3168 Ranulphus
646 3083 823 3148 filius
850 3082 1129 3148 Walteri
1159 3081 1316 3148 fecit
1342 3081 1435 3146 eis
1479 3081 1552 3144 in
1595 3080 2026 3146 Folchetona:
2070 3081 2507 3146 Donationem

210 3222 227 3237 .
278 3221 295 3236 .
339 3221 355 3237 .
400 3190 562 3254 quas
590 3170 968 3236 Willelmus
1011 3169 1325 3234 Landeles
1356 3169 1438 3233 de
1477 3168 1718 3232 Holme
1765 3217 1782 3234 .
1828 3217 1844 3234 .
1889 3216 1906 3234 .
1949 3168 2106 3232 fecit
2146 3167 2394 3232 Abbati
2438 3176 2506 3233 et

209 3259 549 3323 monachis
578 3258 902 3341 praedictis
933 3256 1015 3322 de
1043 3277 1175 3322 una
1202 3256 1519 3340 perticata.
1545 3262 1751 3332 terrae,
1779 3275 1930 3319 cum
1958 3255 2394 3338 pertinenciis,
2422 3255 2504 3320 de

210 3345 624 3430 longitudine
653 3351 721 3410 et
746 3344 1096 3409 latitudine
1117 3343 1355 3428 viginti
1383 3341 1642 3427 pedum,
1672 3341 1755 3406 de
1778 3341 2057 3425 quodam
2087 3341 2356 3406 sellione
2383 3362 2503 3406 suo

209 3432 332 3517 qui
360 3433 621 3496 abuttat
647 3452 841 3515 super
882 3439 1150 3516 pontem
1192 3430 1275 3495 de
1320 3429 1686 3495 Croswath:
1731 3427 2168 3493 Donationem
2197 3478 2214 3496 .
2244 3477 2261 3495 .
2291 3477 2308 3496 .
2339 3448 2502 3513 quas

210 3519 537 3586 Robcrtus
595 3519 772 3583 filius
832 3518 1093 3582 Ranulfi
1152 3517 1233 3582 de
1293 3517 1497 3582 Holm
1548 3566 1565 3582 .
1625 3565 1642 3582 .
1703 3567 1718 3582 .
1779 3516 1937 3580 fecit
1987 3517 2130 3580 Deo
2187 3565 2204 3584 .
2264 3564 2281 3582 .
2341 3565 2356 3580 .
2418 3516 2500 3581 de

210 3611 495 3691 quatuor
536 3606 869 3689 perticatis
916 3612 1121 3682 terrae,
1167 3625 1318 3669 cum
1363 3603 1804 3690 pertinenciis,
1832 3603 1904 3667 in
1949 3602 2162 3667 latum
2198 3603 2271 3666 in
2313 3603 2498 3667 terri-

208 3695 383 3758 torio
434 3692 517 3758 de
576 3693 797 3771 Holm,
842 3699 910 3758 et
958 3693 1041 3757 de
1084 3691 1357 3756 dimidia
1406 3711 1555 3756 acra
1603 3697 1807 3767 terrae,
1852 3710 2004 3755 cum
2061 3690 2499 3774 pertinenciis,

210 3801 363 3866 quae
406 3781 778 3846 extenditur
810 3801 851 3844 a
892 3788 1093 3864 ponte
1122 3779 1203 3843 de
1249 3777 1584 3843 Croswath
1612 3798 1836 3842 versus
1878 3797 2123 3842 moram
2172 3777 2253 3841 de
2299 3777 2496 3842 Bule-

208 3867 458 3933 fordia:
531 3867 969 3932 Donationem
1013 3916 1029 3933 .
1072 3915 1091 3932 .
1134 3916 1150 3932 .
1195 3885 1357 3950 quas
1417 3864 1841 3930 Marmeduck
1893 3864 1975 3928 de
2032 3862 2294 3950 D[a]rel
2342 3915 2357 3930 .
2413 3914 2429 3931 .
2479 3913 2496 3929 .

210 3954 373 4020 fecit
399 3955 543 4020 Deo
570 4003 589 4020 .
620 4004 637 4022 .
665 4004 681 4021 .
711 3954 792 4019 de
821 3952 1103 4039 quadam
1144 3957 1315 4018 terra
1356 3953 1429 4016 in
1462 3950 1781 4016 territorio
1825 3950 1906 4016 de
1950 3950 2173 4028 Holm,
2203 3950 2286 4016 ab
2315 3951 2497 4035 aqui-

210 4041 419 4107 lonali
461 4041 617 4120 scil„
646 4047 829 4126 parte
858 4041 985 4106 vioe
1014 4061 1145 4124 qua
1171 4039 1306 4103 itur
1334 4039 1417 4104 de
1446 4037 1748 4104 Croswad
1776 4058 2002 4103 versus
2045 4037 2500 4115 Bolefordiam,

210 4129 496 4196 habente
538 4130 613 4193 in
654 4127 1062 4213 longitudine
1089 4127 1213 4191 11⁸·
1237 4126 1604 4211 perticataS,
1631 4125 1704 4190 in
1729 4124 2084 4190 latitudine
2113 4146 2284 4202 vero,
2306 4125 2501 4209 juxta

212 4221 414 4300 caput
455 4215 697 4301 pontia,
723 4216 884 4281 duas
912 4215 1257 4300 perticatas
1292 4220 1360 4278 et
1387 4212 1744 4289 dimidiam,
1771 4219 1841 4278 et
1883 4212 1966 4278 de
2009 4212 2260 4277 duabus
2302 4211 2501 4296 perti-

212 4303 379 4370 catis
431 4311 499 4368 et
544 4310 822 4388 quatuor
865 4301 1141 4387 pedibus
1184 4302 1379 4386 juxta
1427 4319 1692 4376 moram,
1735 4305 1805 4363 et
1847 4299 1930 4364 de
1979 4297 2087 4362 via
2144 4299 2348 4364 libera
2387 4317 2504 4382 per

213 4411 462 4456 moram
484 4395 805 4475 quantum
834 4397 1007 4454 terra
1028 4409 1145 4452 sua
1165 4387 1446 4465 duravit,
1474 4385 1633 4463 scil„
1653 4405 1861 4470 usque
1884 4384 2127 4463 Coldic‚
2149 4386 2230 4450 ad
2253 4384 2502 4450 aver-ias

214 4498 367 4545 suas
384 4476 819 4543 ’deducendas
862 4483 931 4542 et
972 4474 1388 4551 reducendae,
1416 4482 1485 4539 et
1513 4471 1598 4539 ad
1642 4479 1872 4538 caetera
1914 4472 2299 4538 aisiamenta
2341 4493 2458 4539 sua
2486 4496 2501 4538 ε

1348 4577 1397 4626 U
