3075 5009
576 479 701 538 302
1228 487 1702 536 csnrunsmuu
1733 485 2194 536 mvmnnsr..

575 648 635 712 S.
684 646 949 712 Botulfo
994 695 1009 712 .
1054 696 1069 710 .
1114 695 1129 711 .
1176 645 1333 710 fecit
1374 645 1517 710 Deo
1546 694 1562 708 .
1593 694 1608 709 .
1639 693 1656 709 .
1685 644 1768 710 de
1797 643 2078 729 quadam
2120 643 2442 728 particula
2481 652 2666 708 terrae
2703 665 2856 709 con-

574 735 757 819 tigua
798 734 1020 798 domui
1049 733 1337 816 ipsorum
1366 730 1828 796 monachorum
1857 732 1929 795 in
1959 731 2120 795 villa
2161 731 2244 796 de
2285 731 2346 796 S.
2393 731 2677 807 Botulfo‚
2705 752 2858 796 cum

574 821 1027 906 pertinenciis:
1073 820 1566 885 Ooncessionem
1596 869 1611 884 .
1641 867 1658 883 .
1688 867 1705 883 .
1738 838 1899 903 quas
1931 817 2256 883 Gerardus
2287 827 2354 882 et
2381 818 2746 902 Baginerus
2777 819 2860 882 de

578 909 637 973 S.
672 907 936 972 Botulfo
965 957 979 971 .
1012 957 1027 972 .
1058 957 1074 970 .
1106 907 1402 971 fecerunt
1428 907 1573 970 Deo
1601 955 1616 970 .
1649 954 1664 970 .
1697 955 1712 972 .
1743 905 1824 970 de
1853 911 1991 970 tota
2019 913 2209 983 terra,
2239 926 2388 970 cum
2417 906 2861 988 pertinenciis,

575 997 645 1060 in
676 995 835 1060 villa
865 995 927 1059 S.
957 994 1221 1070 Botulfi,
1240 1013 1435 1077 quam
1464 993 1665 1057 iidem
1683 992 2006 1057 Gerardus
2028 999 2095 1056 et
2113 993 2471 1077 Baginerus
2489 992 2863 1057 habuerunt

579 1083 691 1166 [m.
725 1080 837 1168 26]
869 1082 1041 1145 inter
1069 1087 1309 1146 terram
1337 1080 1658 1145 willelmi
1701 1079 1818 1144 filii
1851 1079 2160 1144 Wulfrici
2205 1087 2273 1144 et
2313 1085 2550 1144 terram
2579 1079 2864 1145 Walteri

578 1168 821 1234 Finch:
882 1168 1377 1234 concessionem
1403 1216 1420 1231 .
1451 1217 1467 1230 .
1498 1216 1512 1230 .
1547 1187 1710 1251 quas
1757 1166 2085 1231 Gerardus
2135 1167 2218 1230 de
2269 1167 2330 1231 S.
2385 1166 2654 1231 Botulfo
2701 1217 2718 1232 .
2771 1217 2786 1230 .
2846 1219 2860 1232 .

575 1256 735 1320 fecit
770 1256 914 1321 Deo
958 1305 973 1320 .
1018 1305 1033 1321 .
1080 1305 1095 1320 .
1141 1255 1223 1319 de
1252 1263 1393 1319 tota
1420 1255 1715 1338 portione
1743 1273 1861 1318 sua
1891 1261 2093 1330 terrae,
2123 1273 2274 1317 cum
2317 1253 2758 1337 pertinenciis,
2789 1256 2864 1318 in

578 1343 737 1408 villa
758 1343 818 1418 S‚.
845 1343 1087 1407 Botulfi
1116 1363 1261 1426 quae
1288 1342 1549 1406 abuttat
1575 1362 1770 1426 super
1796 1340 2072 1425 Deppol‚
2102 1361 2295 1424 quam
2329 1341 2502 1405 idem
2533 1341 2866 1408 Gerardus

577 1437 645 1495 et
696 1429 1073 1513 Baginerus,
1124 1429 1324 1494 frater
1379 1448 1555 1504 sune,
1605 1427 1974 1493 habuerunt
2031 1428 2204 1491 inter
2247 1434 2484 1492 terram
2535 1427 2866 1494 willelmi

576 1516 697 1580 filii
724 1515 1034 1582 leeriae
1062 1523 1131 1581 et
1170 1525 1408 1580 terram
1437 1515 1711 1580 Walteri
1741 1515 2004 1591 Finche,
2033 1535 2182 1578 cum
2212 1514 2434 1579 liberis
2473 1515 2766 1580 exitibus
2797 1526 2868 1580 et

576 1603 993 1668 introitibus:
1040 1603 1533 1669 concessionem
1579 1653 1594 1668 .
1639 1653 1654 1667 .
1700 1652 1717 1668 .
1764 1623 1926 1686 quas
1969 1602 2332 1685 Raginerus
2377 1601 2458 1666 de
2495 1601 2556 1665 S.
2591 1603 2864 1668 Botulfo

576 1741 592 1756 .
624 1741 639 1756 .
668 1741 683 1756 .
717 1691 873 1756 fecit
893 1691 1037 1755 Deo
1066 1741 1083 1756 .
1115 1741 1130 1756 .
1165 1742 1179 1755 .
1210 1689 1290 1754 de
1312 1696 1451 1753 tota
1471 1689 1768 1773 portione
1789 1709 1907 1753 sua
1926 1695 2130 1766 terrae,
2153 1709 2302 1754 cum
2323 1689 2764 1773 pertinenciis,
2791 1691 2862 1754 in

577 1777 739 1842 villa
769 1778 831 1842 S.
864 1777 1107 1842 Botulfi
1134 1796 1282 1861 quae
1311 1777 1803 1861 abuttatsuper
1829 1775 2123 1860 Deppol:
2169 1775 2664 1842 Concessionem
2695 1797 2864 1860 quas

579 1864 911 1930 Walterus
968 1864 1143 1929 filius
1211 1863 1525 1948 Stephani
1583 1863 1665 1928 de
1726 1862 2048 1938 Skirebec,
2107 1870 2173 1927 et
2231 1862 2622 1928 Benedictus
2679 1865 2864 1930 filius

580 1951 913 2034 Radulphi
956 1951 1037 2016 de
1080 1952 1135 2015 F
1135 1972 1317 2029 enne,
1352 1957 1419 2016 et
1462 1951 1832 2036 Margareta
1874 1949 2012 2014 filia
2055 1950 2326 2015 Gerardi
2371 1951 2450 2014 de
2496 1950 2557 2016 S.
2589 1952 2864 2016 Botulfo

579 2090 593 2102 .
654 2087 673 2105 .
731 2087 747 2104 .
808 2040 1102 2103 fecerunt
1143 2039 1286 2103 Deo
1344 2089 1359 2103 .
1422 2088 1437 2102 .
1496 2087 1512 2103 .
1574 2039 1655 2102 de
1700 2037 1981 2122 quadam
2041 2037 2358 2120 particula
2399 2045 2588 2102 terrae
2631 2038 2866 2103 domui

580 2125 1032 2210 praedictorum
1076 2125 1539 2190 monachorum
1569 2127 1888 2208 contigua,
1933 2145 2084 2189 cum
2127 2124 2563 2208 pertinenciiS,
2591 2125 2663 2187 in
2695 2126 2866 2190 villa

579 2212 662 2277 de
709 2212 769 2278 S.
818 2212 1082 2277 Botulfo
1134 2213 1217 2277 ad
1268 2213 1560 2297 Deppol:
1617 2212 2052 2276 Donationem
2095 2261 2110 2275 .
2155 2261 2169 2276 .
2216 2260 2231 2275 .
2276 2231 2440 2295 quas
2484 2211 2864 2278 Wfflelmus

580 2299 919 2385 Malebyse
962 2351 976 2364 .
1023 2349 1039 2366 .
1084 2351 1097 2364 .
1146 2300 1301 2365 fecit
1358 2299 1501 2364 Deo
1561 2349 1576 2364 .
1621 2348 1636 2364 .
1685 2347 1700 2363 .
1759 2298 1842 2363 de
1900 2306 2180 2383 quatuor
2235 2300 2398 2362 acris
2457 2299 2646 2382 prati,
2705 2321 2862 2364 cum

580 2387 1019 2471 pertinenciis,
1048 2388 1121 2452 in
1149 2389 1438 2464 Acastre,
1467 2406 1620 2450 cum
1648 2385 1850 2450 libero
1880 2387 2172 2470 ingressu
2204 2393 2272 2450 et
2300 2406 2560 2471 egressu
2592 2387 2673 2450 ad
2706 2387 2864 2451 fena

581 2494 699 2543 sua
727 2480 794 2540 et
820 2494 923 2539 res
954 2495 1103 2539 suas
1134 2473 1465 2539 cariandas
1494 2479 1563 2538 et
1591 2474 2012 2556 asportandas
2054 2493 2170 2557 per
2197 2479 2436 2537 terram
2465 2473 2572 2538 vel
2601 2494 2862 2558 aquam,

580 2561 751 2626 sicut
808 2562 1205 2626 commodius
1255 2561 1542 2625 viderint
1600 2561 1726 2624 sibi
1784 2560 2103 2644 expedire,
2147 2567 2214 2622 et
2265 2561 2344 2625 de
2397 2561 2673 2625 navibus
2721 2563 2864 2626 suis

580 2649 925 2713 onerandis
967 2654 1036 2714 et
1076 2648 1518 2726 exonerandis,
1561 2647 1632 2711 in
1661 2647 1874 2712 eundo
1894 2647 2002 2711 vel
2044 2646 2373 2712 redeundo
2417 2648 2863 2726 demundinis,

582 2736 689 2800 vel
734 2735 815 2800 de
860 2756 1247 2819 quocunque
1292 2755 1552 2801 necesse
1603 2733 2195 2810 habuerint—scil„
2241 2735 2415 2798 inter
2465 2735 2740 2820 Lidgate
2791 2744 2864 2802 et

585 2822 991 2901 Geuemersc‚
1020 2832 1088 2887 et
1133 2822 1214 2886 de
1255 2821 1521 2887 licentia
1568 2821 1766 2886 eundi
1809 2829 1878 2886 et
1920 2821 2282 2886 deducendi
2325 2842 2426 2886 res
2469 2843 2620 2886 suas
2664 2843 2868 2908 super

584 2921 821 2974 terram
850 2910 1056 2994 ipsius
1083 2909 1407 2976 willelmi
1434 2908 1505 2972 in
1536 2908 1804 2973 carectis
1835 2909 1970 2973 suis
2014 2916 2082 2973 et
2109 2909 2308 2973 carris
2337 2909 2490 2986 suis,
2519 2909 2662 2974 sine
2705 2931 2863 2975 con-

584 2997 945 3061 culcatione
988 2997 1235 3061 enormi
1270 2997 1377 3061 vel
1401 2995 1680 3061 ·laesione
1720 2995 1896 3060 bladi
1941 2996 2046 3060 vel
2075 2997 2283 3081 pratis
2329 2997 2862 3080 Resignationem

580 3083 865 3168 insuper,
894 3083 1365 3148 concessionem
1414 3090 1481 3149 et
1523 3084 1814 3168 quietam
1842 3082 2264 3148 clamanciam
2291 3104 2454 3167 quas
2482 3085 2864 3150 Willelmus

584 3171 665 3234 de
722 3171 913 3236 Tresc
956 3220 970 3234 .
1016 3222 1031 3235 .
1078 3221 1094 3235 .
1140 3171 1297 3235 fecit
1354 3170 1497 3234 Deo
1557 3220 1572 3234 .
1619 3219 1634 3235 .
1682 3221 1697 3235 .
1758 3169 1838 3234 de
1897 3176 2036 3234 toto
2087 3171 2234 3251 jure
2292 3178 2361 3235 ct
2418 3171 2652 3235 clamio
2711 3193 2862 3257 quae

583 3257 816 3323 habuit
857 3257 963 3322 vel
1008 3257 1241 3322 habere
1282 3259 1499 3342 potuit
1549 3256 1622 3320 in
1663 3263 1804 3322 tota
1847 3263 2021 3321 terra
2061 3256 2194 3334 issa,
2223 3277 2374 3322 cum
2419 3258 2864 3342 pertinenciis,

582 3365 775 3429 quam
809 3345 1040 3410 habuit
1060 3346 1141 3411 de
1170 3344 1534 3410 haeredibus
1558 3344 1840 3409 Simonis
1868 3343 2186 3409 Tinctoris
2213 3345 2286 3409 in
2307 3345 2468 3410 villa
2495 3346 2578 3409 de
2606 3347 2653 3410 J
2655 3367 2864 3424 arum,

581 3432 1129 3584 ἒῖἲαιῗὲἒὲω
1201 3433 1423 3604 fssass
1424 3431 1662 3602 ³131.ssss
1709 3433 2128 3583 3]ξῶἓὲἓῖἓῖ
2186 3432 2484 3584 8118ῗέἑῖ
2529 3433 2862 3585 ῗξέἓοώδὲ

581 3606 663 3671 de
692 3606 952 3671 redditu
982 3607 1203 3671 decem
1232 3615 1298 3671 et
1326 3614 1470 3671 octo
1499 3605 1908 3671 denariorum
1946 3606 2028 3671 de
2072 3606 2260 3670 domo
2305 3627 2422 3672 sua
2466 3627 2612 3691 quae
2641 3617 2746 3672 est
2787 3609 2861 3674 in

584 3693 819 3758 ultima
846 3701 1029 3778 parte
1059 3695 1260 3758 curtis
1304 3714 1455 3770 suae,
1485 3702 1556 3758 et
1597 3713 1743 3777 quae
1787 3701 1888 3758 est
1928 3693 2000 3756 in
2044 3693 2190 3758 vico
2233 3714 2362 3778 quo
2390 3695 2528 3759 itur
2555 3715 2596 3758 a
2621 3715 2864 3781 magna

582 3781 693 3844 via
728 3781 809 3846 de
835 3781 883 3846 J
886 3803 1067 3850 arum
1114 3781 1196 3846 ad
1241 3780 1616 3846 ecclesiam:
1663 3781 2100 3844 Donationem
2144 3830 2160 3847 .
2203 3831 2218 3844 .
2263 3831 2280 3846 .
2326 3801 2489 3865 quas
2533 3782 2730 3866 Hugo
2777 3783 2862 3848 de

584 3868 878 3932 Nortona
920 3919 936 3932 .
982 3919 997 3933 .
1041 3918 1058 3933 .
1104 3868 1262 3933 fecit
1317 3868 1458 3933 Deo
1504 3919 1518 3932 .
1564 3919 1578 3932 .
1625 3917 1640 3932 .
1687 3867 1767 3933 de
1839 3866 2030 3932 domo
2089 3887 2207 3932 sua
2264 3889 2434 3934 nova
2493 3871 2562 3933 in
2621 3871 2668 3934 J
2671 3891 2864 3935 arum

584 3975 806 4020 versus
835 3955 1251 4032 occidentem,
1281 3975 1429 4020 cum
1460 3953 1866 4032 tosto—scil„
1895 3956 1980 4020 ab
2022 3954 2180 4019 hora
2223 3956 2423 4021 fontis
2465 3958 2584 4040 qui
2625 3964 2728 4022 est
2773 3959 2862 4022 ad

586 4042 899 4110 orientem
950 4044 1239 4126 ejusdem
1289 4042 1520 4107 domus
1571 4049 1890 4127 quantum
1942 4048 2113 4106 terra
2157 4063 2274 4107 sua
2324 4043 2588 4108 duravit
2630 4065 2862 4111 versus

584 4130 983 4196 occidentem
1014 4137 1081 4195 et
1111 4129 1517 4213 aquilonem:
1552 4129 1991 4195 Donationem
2035 4181 2050 4194 .
2094 4180 2109 4194 .
2155 4179 2168 4194 .
2217 4151 2378 4214 quas
2401 4131 2724 4197 Robertus
2743 4133 2860 4211 Pa,

586 4216 759 4282 filius
810 4218 1092 4282 Roberto
1144 4218 1239 4282 Pa
1297 4217 1376 4283 de
1425 4215 1887 4302 Scardaburgh,
1916 4217 2072 4281 fecit
2127 4217 2271 4282 Deo
2313 4267 2328 4282 .
2375 4267 2392 4282 .
2438 4268 2454 4282 .
2498 4218 2580 4283 de
2637 4239 2862 4286 annuo

586 4304 846 4369 redditu
901 4312 1179 4389 quatuor
1220 4303 1591 4381 solidorum,
1634 4324 1785 4368 cum
1841 4304 2279 4389 pertinenciis,
2319 4305 2732 4389 percipiendo
2779 4308 2862 4374 de

585 4393 865 4476 quadam
895 4393 1084 4458 domo
1114 4412 1312 4477 quam
1338 4390 1714 4457 Willelmus
1755 4391 1838 4456 de
1865 4391 2102 4456 Waldo
2145 4393 2472 4476 quondam
2516 4395 2734 4457 tenuit
2778 4395 2860 4460 de

585 4485 767 4566 patre
818 4500 935 4545 suo
978 4479 1173 4563 juxta
1226 4479 1624 4565 Sandegate:
1663 4477 2102 4544 Donationem
2147 4529 2161 4544 .
2207 4530 2221 4544 .
2267 4529 2286 4546 .
2329 4499 2490 4564 quas
2531 4479 2860 4548 Robertus
