3075 5009
571 451 700 511 328
1226 459 1697 511 canrunumm
1728 458 2193 509 mavum-usu.

575 620 763 685 Ebor.
795 640 990 703 quam
1033 619 1102 683 in
1150 617 1451 683 subm-bis
1496 616 1803 701 ejusdem,
1834 622 1976 694 etc„
2006 616 2087 681 ad
2127 616 2436 681 terminos
2480 616 2541 682 S.
2574 614 2870 679 Andreae

570 716 710 783 etc„
741 708 810 771 in
840 715 1071 771 tenura
1097 704 1419 771 Willelmi
1463 705 1700 788 Pulley
1728 704 1851 769 hoc
1879 724 2063 768 anno.
2144 704 2375 787 (Tenet
2403 724 2519 787 per
2546 702 2869 767 indentu-

571 814 711 859 ram
741 793 864 859 sub
891 794 1102 878 sigillo
1132 793 1498 859 communi:
1546 792 1691 857 ideo
1720 798 1981 856 notetur
2008 812 2124 876 pro
2154 789 2871 943 indenstltlitzemxzidgnga.)

657 1056 998 1120 THRUSKE.
1087 1056 1174 1119 Et
1204 1055 1285 1120 de
1313 1054 1364 1119 ii
1381 1074 1428 1119 s.
1459 1054 1544 1119 de
1572 1052 1833 1118 redditu
1861 1054 2060 1118 unius
2088 1054 2323 1139 cotagii
2352 1051 2618 1117 scituati
2660 1073 2869 1136 super

571 1162 879 1226 campum
936 1150 1242 1207 vocatum
1299 1141 1362 1207 le
1421 1142 1667 1227 Saynte
1726 1142 1773 1207 J
1774 1162 1959 1224 amys
2018 1142 2252 1219 Grene,
2310 1146 2448 1217 etc„
2494 1141 2564 1204 in
2622 1148 2871 1205 tenura

571 1229 836 1295 Thomae
865 1230 1152 1294 Cawton.
2349 1228 2617 1292 Summa
2644 1227 2698 1290 ii
2720 1247 2775 1292 s,

661 1404 1169 1489 Perquisitiones
1222 1403 1449 1469 Curiae.
1558 1402 1662 1467 De
1708 1402 1929 1486 aliquo
1979 1404 2263 1487 proficuo
2314 1403 2742 1487 proveniente
2780 1402 2867 1467 de

571 1492 1146 1577 perquisitionibus
1178 1492 1392 1557 Curiae
1429 1489 1673 1555 ibidem
1712 1488 1835 1554 hoc
1879 1510 2050 1554 anno
2094 1497 2309 1566 tentae,
2348 1510 2480 1553 non
2520 1489 2757 1567 reddit,
2788 1510 2869 1555 eo

571 1579 752 1664 quod
779 1579 964 1643 nulla
993 1579 1190 1644 Curia
1218 1584 1400 1643 tenta
1442 1578 1572 1640 fuit
1609 1576 1852 1641 ibidem
1881 1598 1998 1661 per
2026 1586 2285 1660 tempus
2313 1577 2717 1661 praedictum,
2748 1598 2870 1662 per

575 1668 1052 1731 sacramentum
1082 1664 1373 1749 praedicti
1405 1664 1860 1749 computantis
1890 1684 2085 1749 super
2114 1664 2290 1729 hunc
2318 1672 2708 1747 compotum.

2274 1752 2541 1816 Summa
2570 1750 2777 1816 nulla.

667 1840 936 1905 Summa
977 1838 1221 1903 Totalis
1265 1838 1568 1922 Receptse
1612 1838 1752 1901 xxii
1770 1836 1836 1901 li.
1884 1860 1927 1901 x
1947 1858 1993 1902 e.
2040 1837 2160 1901 viii
2178 1838 2237 1903 d.
2346 1838 2403 1902 E
2446 1838 2682 1923 quibus
2747 1840 2868 1903 sti-

573 1926 812 2012 pendia
843 1926 1313 2010 ComputantiS,
1342 1946 1492 1990 cum
1520 1925 1822 2008 expensis
1852 1926 2246 1991 necessariis.

665 2099 850 2164 Idem
882 2106 1215 2185 computat
1243 2100 1316 2164 in
1345 2099 1688 2184 stipendiis
1717 2100 1924 2185 ipsius
1957 2101 2411 2185 computantis
2441 2101 2523 2165 ad
2555 2121 2645 2165 xx
2662 2120 2715 2165 s.
2752 2122 2869 2185 per

575 2208 824 2251 annum
852 2188 915 2252 ei
943 2187 1261 2252 concessis
1282 2208 1399 2272 per
1425 2187 2001 2253 considerationem
2022 2188 2359 2252 Auditoris
2388 2196 2457 2253 et
2486 2189 2867 2273 Receptoris

577 2274 852 2338 Domini
909 2275 1105 2359 Regis
1163 2295 1279 2358 pro
1346 2274 1809 2339 exercitatione
1867 2275 2241 2357 hujusmodi
2300 2276 2511 2351 officii,
2554 2275 2696 2352 viz„
2746 2296 2867 2360 pro

578 2361 850 2426 dimidio
901 2382 1073 2425 anno
1124 2362 1311 2426 finito
1358 2361 1441 2426 ad
1482 2362 1723 2425 festum
1760 2362 1820 2426 S.
1859 2362 2203 2427 Michaelis
2242 2362 2654 2446 Archangeli,
2692 2364 2870 2436 infra

575 2453 836 2532 tempus
890 2448 1085 2530 hujus
1135 2450 1418 2532 compoti
1461 2448 1777 2527 accidens,
1816 2470 1863 2513 x
1885 2470 1932 2513 s,
2020 2450 2110 2513 Et
2151 2450 2223 2512 in
2254 2449 2595 2534 stipendiis
2626 2449 2871 2515 Clerici

578 2535 915 2600 Auditoris
945 2536 1286 2600 scribentis
1315 2542 1454 2612 etc„
1483 2536 1534 2599 ii
1557 2556 1605 2600 s.
2314 2537 2583 2601 Summa
2612 2537 2707 2601 xii
2728 2558 2780 2603 s.

667 2708 1126 2774 Liberationes·
1157 2717 1223 2773 et
1275 2710 1762 2775 exonerationes
1807 2709 2235 2775 denariorum.
2323 2710 2411 2774 Et
2461 2712 2533 2775 in
2580 2711 2870 2777 denariis

578 2794 868 2861 liberatis
887 2796 1217 2861 Leonardo
1237 2796 1593 2873 Beckwith,
1616 2797 1815 2873 Arm„
1836 2798 2193 2881 Receptori,
2216 2805 2355 2874 etc„
2377 2798 2505 2862 xli.
2524 2798 2705 2863 xiiis.
2726 2800 2867 2864 ivd.

579 2882 669 2947 Et
697 2890 1001 2948 oneratur
1028 2885 1100 2947 in
1129 2891 1426 2968 compoto
1456 2883 1749 2967 praedicti
1778 2885 2168 2968 ReceptoriS,
2192 2892 2330 2961 etc„
2352 2886 2422 2949 xi
2439 2884 2505 2949 li
2537 2906 2650 2951 vs,
2682 2887 2758 2950 iv
2780 2888 2839 2953 d.

1898 2972 2165 3035 Summa
2193 2972 2310 3035 xxi
2331 2972 2396 3035 li.
2428 2994 2472 3035 x
2494 2993 2542 3037 s.
2574 2973 2696 3037 viii
2716 2974 2782 3039 d.

671 3134 940 3198 Summe.
989 3135 1448 3201 allocationum
1505 3144 1575 3201 et
1630 3136 2087 3201 liberationum
2131 3137 2581 3220 praedictarum
2636 3140 2785 3204 xxii
2802 3140 2865 3203 li.

585 3242 631 3285 x
649 3241 697 3285 s.
749 3222 868 3285 viii
891 3221 968 3299 (1.,
1027 3242 1172 3305 quae
1231 3244 1486 3287 summa
1544 3224 1886 3308 coaequalis
1946 3230 2046 3288 est
2102 3244 2252 3288 cum
2311 3245 2567 3290 summe
2622 3226 2869 3291 Totelis

586 3309 887 3393 Receptae
917 3310 1228 3393 superius.

677 3482 745 3567 [f.
781 3482 848 3566 7]
909 3482 1321 3567 [MEJWAGRE
1364 3483 1434 3546 in
1479 3484 1850 3570 SWALDALE:
1892 3503 2043 3548 cum
2099 3485 2421 3549 membris.
2514 3486 2868 3570 Compotus

589 3570 932 3653 Reginaldi
974 3570 1313 3647 Alderson,
1353 3572 1615 3655 Georgii
1657 3570 1992 3647 Alderson,
2037 3578 2105 3637 et
2148 3571 2481 3655 Radulphi
2522 3573 2868 3651 Alderson‚

590 3657 991 3807 Ballgivotrum
1033 3658 1172 3721 sive
1223 3658 1654 3723 CoUectorum
1708 3657 2107 3722 Reddituum
2163 3658 2407 3723 ibidem
2450 3680 2567 3743 per
2610 3666 2866 3746 tempus

587 3764 720 3829 prae
793 3764 828 3808 c
861 3764 986 3809 um.

675 3832 1020 3915 Arreragia
1048 3830 1248 3909 nulla,
1277 3832 1431 3916 quia
1461 3832 1711 3916 primus
1741 3838 2091 3916 compotus.
2282 3832 2553 3897 Summa
2581 3834 2782 3899 nulla.

677 4005 994 4071 Redditus
1025 4013 1092 4071 et
1121 4006 1323 4071 firmae
1351 4008 1420 4070 in
1452 4008 1770 4072 Swaldale
1799 4027 1949 4071 cum
1978 4008 2311 4072 Mewacre.

681 4093 809 4159 Sed
836 4093 1116 4158 reddunt
1145 4103 1515 4178 compotum
1544 4094 1626 4159 de
1656 4095 1726 4158 xl
1744 4115 1792 4160 s,
1816 4096 1898 4160 de
1926 4094 2186 4159 redditu
2216 4101 2535 4161 certarum
2558 4104 2865 4163 ten-arum

590 4187 660 4246 et
706 4188 1222 4246 tenementorum
1267 4182 1528 4259 ibidem,
1573 4182 1669 4246 sic
1718 4182 1791 4246 in
1832 4190 2061 4246 tenura
2105 4181 2426 4246 Willelmi
2470 4184 2865 4271 Brederigge,

591 4268 918 4333 solvendis
962 4268 1046 4333 ad
1089 4274 1269 4333 term.
1303 4270 1361 4333 S.
1386 4268 1663 4333 Martini
1695 4278 1850 4349 etc.;
1893 4275 1960 4333 et
1990 4270 2069 4333 de
2114 4290 2250 4333 xxv
2266 4290 2313 4333 s.
2346 4270 2467 4333 xd.
2499 4270 2581 4335 de
2610 4272 2864 4336 redditu

593 4363 710 4421 etc.
743 4356 813 4419 in
843 4360 1072 4420 tenura
1102 4356 1384 4420 Galfridi
1412 4356 1743 4421 Metcalffe
1775 4365 1931 4435 etc.;
1977 4363 2040 4420 et
2072 4355 2151 4421 de
2181 4356 2255 4420 xl
2270 4376 2317 4420 s,
2351 4356 2431 4420 de
2460 4356 2722 4423 redditu
2750 4366 2860 4425 etc.

591 4443 665 4506 in
694 4450 927 4507 tenura
947 4443 993 4507 J
995 4442 1179 4507 acobi
1199 4442 1446 4507 Milner
1467 4451 1587 4509 etc.
1610 4467 1627 4524 ;
1670 4451 1738 4508 et
1766 4444 1847 4509 de
1876 4464 1923 4507 x
1944 4464 1991 4509 s,
2026 4442 2105 4507 de
2127 4442 2387 4507 redditu
2408 4451 2525 4508 etc.
2548 4444 2620 4507 in
2644 4452 2866 4511 tenura
