3075 5009
578 485 701 546 186
1228 500 1703 550 cmrunmuu
1733 499 2200 554 ammunsr..

572 657 987 744 quaedicitur
1016 656 1384 724 Bildesdala
1424 707 1443 724 .
1487 707 1505 724 .
1551 677 1609 726 ,ε
1651 657 1724 723 in
1752 657 1991 724 foresta
2011 654 2092 723 de
2119 656 2496 724 Helmeslac
2521 658 2744 724 omnia
2769 660 2864 730 ad

570 766 728 812 usus
769 752 1019 812 vestros
1062 745 1421 810 necessaria
1461 745 1532 810 iu
1578 745 1773 830 lignis
1819 751 1887 812 et
1931 745 2190 829 pascuis
2230 751 2308 824 ,et
2351 746 2728 831 pannagiis:
2771 767 2862 812 ex

568 834 740 900 dono
768 833 891 897 filii
918 831 1425 910 nostri—videl,
1450 832 1725 898 Henrici
1751 833 1800 898 J
1801 831 2072 910 unioris,
2097 831 2292 918 Regis
2309 831 2588 917 Angliae,
2613 839 2860 898 terram

570 941 715 1006 quae
737 919 977 985 dicitur
998 919 1678 995 Culverthesmersch‚¹
1707 968 1726 988 .
1755 969 1770 984 .
1801 969 1816 986 .
1849 923 1916 985 et
1937 939 2090 984 cum
2109 924 2250 984 tota
2267 925 2536 1002 pastura
2551 919 2632 985 de
2650 929 2862 985 wasto

569 1007 652 1073 de
680 1007 911 1074 subtus
941 1007 1342 1092 Pickeringa‚
1368 1005 1542 1071 sicut
1583 1007 1724 1090 ipse
1759 1014 1942 1072 carta
1977 1025 2102 1072 sua
2140 1005 2564 1084 confirmavit,
2594 1013 2663 1084 et
2691 1028 2864 1072 avus

570 1096 729 1178 ejus,
780 1094 922 1160 Rex
980 1094 1325 1170 Henricus,
1368 1093 1439 1158 in
1485 1093 1774 1158 dominio
1829 1089 2024 1194 [158]
2073 1113 2192 1159 suo
2241 1093 2498 1160 tenuit:
2555 1113 2640 1158 ex
2682 1093 2862 1159 dono

569 1181 875 1266 Episcopi
892 1180 1217 1257 Dunelm..
1228 1181 1465 1246 Cotum
1482 1187 1552 1245 et
1568 1179 2062 1258 Crossebl,sicut
2080 1181 2222 1264 ipse
2242 1179 2604 1265 Episcopus
2625 1231 2640 1246 .
2663 1231 2680 1246 .
2705 1205 2748 1246 ,ε
2771 1203 2860 1246 ex

568 1269 737 1332 dono
770 1267 1239 1333 canonicorum
1267 1267 1455 1334 Ebor.
1487 1265 1942 1344 Sanbumam?
1982 1317 2000 1334 .
2043 1315 2062 1334 .
2105 1290 2152 1334 .:
2197 1286 2280 1332 ex
2310 1267 2478 1333 dono
2508 1268 2744 1352 Rogeri
2773 1269 2862 1334 de

554 1354 855 1420 -Molbrai
880 1354 1369 1420 Wellebrunam
1412 1361 1481 1420 et
1508 1353 1932 1420 Houetunam
1976 1404 1993 1421 .
2035 1403 2052 1420 .
2097 1377 2153 1434 .;
2193 1360 2521 1438 praeterea,
2557 1376 2640 1420 ex
2682 1355 2862 1421 dono

568 1443 792 1526 ipsius,
823 1442 1274 1507 steintunam:
1316 1463 1402 1506 ex
1444 1442 1615 1507 dono
1661 1441 2004 1506 Gilleberti
2046 1439 2129 1507 de
2172 1441 2368 1518 Gant,
2393 1442 2728 1528 grangiam
2773 1443 2858 1506 de

572 1529 1075 1594 Hundemanebi
1104 1537 1171 1594 et
1213 1528 1377 1593 duas
1404 1529 1676 1594 bovatas
1703 1534 1890 1595 terrae
1917 1527 1989 1592 in
2032 1527 2258 1593 eadem
2285 1527 2464 1606 villa,
2491 1549 2644 1594 cum
2672 1531 2858 1594 omni

568 1617 899 1682 communi
919 1623 1185 1700 pastura
1204 1615 1495 1700 ejusdem
1510 1615 1728 1696 villan
1765 1637 1850 1692 ex
1869 1615 2040 1680 dono
2063 1615 2410 1682 Bertranni
2435 1614 2520 1680 de
2548 1615 2862 1681 Bulemer

567 1703 749 1767 illam
767 1709 1167 1768 carrucatam
1184 1709 1370 1768 terrae
1386 1723 1587 1788 quam
1602 1703 1834 1768 habuit
1853 1703 1924 1766 in
1941 1701 2364 1767 Welleburna
2391 1751 2406 1768 .
2437 1751 2454 1768 .
2484 1751 2499 1768 .
2538 1725 2554 1767 ε
2583 1723 2668 1768 ex
2683 1703 2862 1768 dono

568 1789 828 1855 Radulfi
873 1791 953 1855 de
996 1790 1065 1854 N
1063 1790 1347 1854 ovavilla
1388 1811 1590 1855 unam
1635 1797 2034 1854 carrucatam
2063 1797 2252 1854 terrae
2294 1788 2366 1852 in
2397 1789 2724 1855 Rictuna:
2771 1811 2857 1855 ex

568 1877 737 1943 dono
770 1877 1015 1942 Odonis
1044 1877 1125 1942 de
1148 1875 1471 1958 Bolthebi,
1496 1878 1838 1942 wastinam
1865 1877 1948 1942 de
1977 1875 2457 1952 Hestescheith,
2487 1897 2638 1941 cum
2665 1878 2858 1942 terris

568 1969 637 2028 et
662 1965 921 2048 pascuis
938 1963 1376 2048 adjacentium
1404 1963 1793 2028 villarum—
1803 1963 2124 2040 Bolthebi,
2141 1963 2296 2040 scil„
2326 1969 2393 2028 et
2411 1963 2862 2048 Ravenestorp

569 2056 635 2116 et
665 2051 977 2116 Mortuna
1018 2101 1037 2118 .
1080 2101 1095 2115 .
1142 2075 1197 2134 .;
1239 2059 1307 2116 et
1335 2059 1760 2135 augmentum
1803 2051 1979 2134 quod
2017 2049 2176 2126 fecit
2217 2051 2403 2116 vobis
2430 2050 2648 2116 Adam
2677 2051 2858 2116 filius

568 2138 861 2220 ejusdem
884 2138 1167 2216 Odonis;
1196 2158 1277 2204 ex
1302 2137 1471 2204 dono
1494 2137 1766 2204 Roberti
1786 2137 1868 2204 de
1891 2136 2190 2202 Herlesei
2213 2137 2592 2202 Mortunam
2615 2189 2632 2204 .
2653 2187 2668 2203 .
2693 2163 2742 2203 ,ε
2771 2159 2856 2203 ex

567 2223 739 2289 dono
795 2225 1011 2290 Adam
1062 2225 1183 2289 filii
1244 2225 1424 2290 Petri
1472 2225 1550 2301 in.
1597 2225 2092 2302 Rumblesmora
2137 2224 2354 2289 locum
2411 2225 2529 2308 qui
2583 2232 2862 2290 vocatur

568 2311 918 2388 Faueddre‚
941 2319 1007 2376 et
1034 2313 1107 2378 in
1128 2311 1289 2377 villa
1316 2333 1464 2396 quae
1484 2319 1755 2377 vocatur
1783 2311 2174 2377 Steinburch
2201 2317 2452 2376 sartum
2479 2309 2648 2376 illud
2677 2313 2856 2396 quod

567 2406 836 2464 vocatur
864 2399 1307 2484 Oggedwaith‚
1334 2406 1401 2464 et
1428 2406 1639 2465 totam
1667 2398 2008 2463 mineriam
2041 2399 2198 2462 ferri
2226 2397 2306 2463 de
2335 2397 2648 2483 praedicta
2675 2399 2861 2475 villa,

568 2493 636 2552 et
677 2487 749 2550 in
796 2485 988 2552 bosco
1026 2487 1233 2570 ipsius
1260 2485 1437 2552 villae
1466 2483 1686 2574 [158b]
1718 2486 2052 2552 materiem
2081 2493 2149 2551 et
2173 2485 2354 2570 ligna
2395 2484 2482 2550 ad
2527 2487 2855 2569 carbones,

568 2583 635 2638 et
662 2573 793 2638 alia
835 2595 983 2658 quae
1024 2574 1381 2639 necessaria
1410 2574 1673 2649 fuerint,
1702 2579 1770 2638 et
1811 2593 2222 2648 communem
2269 2579 2604 2657 pasturam
2646 2573 2858 2656 ipsius

542 2661 745 2726 willae
788 2668 856 2724 et
884 2670 1113 2726 caetera
1140 2710 1156 2727 .
1186 2711 1202 2726 .
1236 2685 1288 2726 .:
1318 2681 1401 2726 ex
1430 2661 1601 2726 dono
1630 2660 1946 2745 Torphini
1975 2666 2042 2726 et
2068 2659 2288 2736 Alani,
2317 2660 2438 2724 filii
2467 2661 2626 2744 ejus,
2655 2681 2856 2736 unam

568 2755 965 2813 carrucatam
992 2754 1181 2814 terrae
1208 2748 1279 2812 in
1302 2747 1664 2824 Alvestein,
1684 2747 1857 2812 sicut
1883 2747 1952 2812 in
1985 2747 2381 2831 cyrographo
2407 2746 2672 2812 illorum
2703 2768 2856 2812 con·

568 2835 849 2900 tinetur:
893 2855 973 2899 ex
1022 2835 1190 2900 dono
1236 2835 1512 2900 fratrum
1557 2834 1919 2918 Hospitalis
1961 2834 2022 2899 S.
2068 2835 2248 2898 Petri
2291 2833 2374 2900 de
2415 2834 2628 2911 Ebur„
2669 2833 2857 2898 illam

567 2929 819 3006 partem
841 2927 1025 2990 terrae
1048 2942 1245 3006 quam
1266 2922 1634 2992 habuerunt
1654 2922 1727 2985 in
1748 2920 2068 2998 Bolthebi,
2086 2922 2257 2988 sicut
2276 2921 2350 2986 in
2377 2927 2558 2988 carta
2578 2928 2648 2986 et
2667 2941 2850 3005 cyro-

566 3008 809 3092 grapho
853 3028 1076 3073 eorum
1106 3009 1508 3076 continetur:
1552 3028 1636 3073 ex
1678 3008 1849 3072 dono
1893 3009 2209 3085 Gervasii,
2251 3015 2319 3073 et
2346 3008 2704 3084 Benedicti,
2735 3009 2856 3072 filii

566 3095 725 3178 ejus,
781 3103 1040 3178 pratum
1098 3096 1274 3180 quod
1318 3095 1640 3164 dederunt
1689 3095 1875 3161 vobis
1920 3095 1993 3160 in
2044 3093 2496 3160 Rocheberch:
2553 3115 2640 3160 ex
2683 3095 2860 3161 dono

569 3181 815 3248 Odonis
861 3182 939 3247 de
983 3182 1138 3259 Nes,
1181 3191 1449 3266 pratum.
1487 3183 1662 3269 quod
1705 3182 1888 3248 dedit
1924 3182 2106 3247 vobis
2149 3183 2220 3246 in
2255 3181 2730 3248 Watterholm:
2773 3203 2856 3247 ex

567 3268 735 3334 dono
765 3269 1066 3353 Hugonis
1110 3270 1217 3334 del
1244 3271 1463 3347 Tuith,
1492 3277 1756 3354 pratum
1799 3270 1973 3354 quod
2017 3269 2200 3334 dedit
2226 3270 2412 3335 vobis
2455 3269 2530 3333 in
2573 3269 2856 3336 Rochae-

567 3355 808 3421 berch:
868 3376 951 3420 ex
1008 3357 1179 3421 dono
1232 3357 1531 3442 Hugonis
1584 3356 1988 3422 Malebestiae
2043 3363 2310 3441 pratum
2381 3356 2556 3440 quod
2617 3356 2864 3422 dicitur

568 3442 1139 3529 Oswaldeshenges
1168 3469 1183 3509 :
1228 3464 1309 3508 ex
1339 3443 1507 3509 dono
1539 3444 1840 3510 Fratrum
1873 3443 2238 3528 Hospitalis
2267 3443 2350 3509 de
2377 3441 2664 3510 Witebi⁸
2689 3443 2856 3510 duas

630 3603 651 3636 ²
685 3603 799 3655 The
814 3621 959 3657 more
974 3605 1130 3657 usual
1145 3605 1284 3656 form
1300 3606 1357 3658 of
1372 3605 1481 3657 this
1496 3621 1654 3657 name
1765 3605 1965 3672 veying
1983 3603 2096 3655 this
2128 3603 2384 3656 donation
2405 3603 2461 3654 in
2484 3601 2579 3654 the
2609 3607 2766 3656 notes
2797 3609 2864 3655 to

565 3669 612 3720 is
626 3669 1138 3722 Kilverdesmersch.
1183 3669 1295 3723 The
1312 3671 1480 3737 prefix
1496 3672 1542 3721 is
1559 3672 1654 3722 the
1766 3669 1870 3722 No.
1897 3682 2116 3722 nnxxn.
2155 3669 2214 3719 in
2244 3668 2340 3720 the
2363 3668 2594 3734 Whitby
2625 3669 2856 3722 Chattu-

486 3747 492 3762 ·
566 3751 709 3786 same
737 3751 797 3786 as
830 3735 886 3786 in
909 3737 1003 3786 the
1026 3735 1326 3802 Domesday
1348 3736 1455 3787 and
1488 3736 1652 3787 medi·
1765 3735 1902 3801 lat-y.
1961 3735 2020 3786 It
2051 3750 2215 3787 runs:
2257 3733 2620 3796 “Godwinus,
2646 3735 2854 3785 Presbi-

566 3800 701 3850 aeval
722 3801 887 3852 forms
900 3801 959 3852 of
978 3801 1073 3853 the
1088 3801 1309 3852 modern
1326 3801 1655 3869 place-name
1765 3805 1852 3852 ter
1883 3800 2184 3866 Hospitalis
2215 3815 2510 3868 pauperum
2541 3800 2610 3851 de
2630 3799 2860 3860 witebi.

566 3863 815 3932 Killerby
827 3885 844 3927 3
872 3867 1102 3932 namely,
1116 3866 1648 3928 Chilvert‚Kilward.
1766 3869 1824 3916 et
1845 3869 1992 3917 totus
2009 3865 2318 3918 Conventus
2333 3865 2574 3930 ejusdem
2589 3864 2694 3916 loci
2728 3903 2742 3915 .
2783 3903 2798 3916 .
2839 3903 2852 3916 .

566 3930 711 3992 And,
728 3931 775 3982 it
792 3931 989 3998 maybe
1000 3932 1299 3993 remarked,
1310 3931 1435 3983 that
1451 3931 1656 3983 aKetel
1767 3929 1972 3982 Notum
1989 3932 2063 3982 sit
2081 3946 2180 3981 nos
2201 3929 2410 3981 dedisse
2443 3967 2458 3982 .
2498 3967 2514 3981 .
2552 3967 2568 3982 .
2605 3929 2858 3982 Eodesiae

566 3994 756 4047 Vedur
791 3997 839 4047 is
868 3995 1063 4048 named
1095 4013 1225 4048 once
1256 3997 1364 4048 and
1402 3999 1562 4064 again
1597 3998 1655 4048 in
1768 3995 1821 4048 S.
1861 3995 2048 4047 Mariae
2087 3995 2442 4047 Rievallensis
2474 4032 2490 4047 .
2528 4032 2543 4047 .
2581 4032 2598 4046 .
2635 3996 2868 4046 consilio

567 4060 1000 4123 Iandnamabok,
1042 4078 1101 4114 as
1143 4077 1244 4112 one
1286 4062 1343 4114 of
1372 4063 1469 4114 the
1505 4063 1657 4128 early
1768 4065 1827 4112 et
1869 4077 2126 4124 concessu
2158 4059 2391 4112 Abbatis
2427 4059 2496 4112 de
2528 4059 2752 4124 witebi,
2802 4067 2866 4112 et

568 4125 784 4178 settlers
810 4127 867 4177 in
888 4126 1123 4188 Iceland,
1149 4126 1326 4178 audit
1346 4127 1394 4178 is
1427 4129 1656 4194 perhaps
1769 4126 1956 4178 fratris
2003 4125 2232 4178 Roberti
2285 4125 2354 4176 de
2397 4125 2573 4186 alnei.
2617 4130 2676 4177 et
2717 4126 2856 4178 Con-

566 4207 601 4242 s
632 4193 880 4258 question
900 4193 1143 4243 whether
1162 4192 1287 4244 that
1317 4193 1365 4244 is
1397 4209 1458 4243 or
1478 4193 1527 4244 is
1559 4198 1658 4244 not
1757 4197 1963 4242 -ventus
1992 4192 2164 4257 ipsius
2193 4190 2314 4254 loci,
2345 4191 2412 4242 iii
2441 4190 2668 4242 bovatas
2699 4196 2860 4243 term

569 4259 665 4309 the
696 4258 921 4325 original
954 4258 1093 4309 form
1130 4257 1187 4308 of
1220 4258 1314 4308 the
1351 4273 1506 4310 name
1538 4273 1655 4325 pre-
1767 4256 1826 4308 in
1863 4257 2173 4319 Houstnne,
2220 4256 2355 4308 duas
2395 4271 2530 4322 quas
2567 4258 2748 4308 tenuit
2793 4257 2860 4308 de

569 4323 758 4375 served
813 4323 957 4375 alike
1018 4324 1074 4375 in
1130 4321 1489 4375 Chilvertesbi
1548 4323 1657 4375 and
1769 4322 1923 4374 nobis
1957 4321 2220 4383 Emanus,
2245 4326 2304 4373 et
2335 4322 2554 4372 tertiam
2584 4321 2731 4373 unde
2763 4339 2870 4374 nos

570 4387 1043 4440 Kilverdesmersc.
1769 4387 2164 4439 disseisiaverat
2183 4385 2452 4438 Radulfus
2481 4385 2655 4447 Beler,
2681 4388 2766 4438 ita
2799 4393 2870 4440 ut

634 4453 659 4486 ²
692 4454 999 4507 Santburna
1018 4455 1077 4506 in
1099 4454 1199 4508 No.
1230 4467 1436 4506 oxovn.
1771 4468 1870 4520 pro
1883 4453 2010 4519 ipsis
2021 4452 2198 4504 tribus
2211 4451 2422 4503 bovatis
2437 4450 2668 4504 reddant
2683 4452 2858 4515 nobis,

635 4518 658 4553 ⁸
689 4519 719 4570 I
749 4520 885 4571 have
916 4519 1131 4586 printed
1162 4519 1258 4572 the
1290 4519 1504 4571 chat-ter
1534 4535 1657 4571 con·
1771 4518 1996 4586 singulis
2037 4519 2211 4580 annis,
2247 4517 2310 4570 iii
2330 4532 2375 4569 s.
2423 4517 2484 4568 in
2519 4515 2864 4580 Pentecoste,
