3075 5009
1169 500 1518 549 APPENDIX.
2374 492 2496 551 365

205 660 470 721 nitatem
525 657 835 720 voluerint
889 677 954 720 se
995 656 1288 720 conferre.
1373 658 1449 718 In
1503 656 1601 718 his
1650 664 1876 732 autem,
1926 657 2193 737 quibus,¹
2238 665 2367 721 tam
2421 658 2499 722 de

209 742 515 822 majorum
570 738 939 802 conscientia
991 738 1090 799 vel
1146 738 1412 812 consilio,
1463 758 1649 818 quam
1702 737 1780 799 de
1831 738 2069 801 minore
2134 738 2505 804 discretione

209 821 616 902 quorundam,
645 820 980 895 exceditur,
1004 826 1069 881 et
1091 819 1462 882 removenda
1487 840 1561 881 ea
1588 819 1653 880 in
1720 819 1901 882 uibus
1923 820 2245 897 excedunt,
2276 830 2341 883 et
2366 843 2501 903 quae

208 902 662 967 dubitationem
708 901 946 963 faciunt
983 900 1362 963 decrevimus
1409 899 1691 962 declaran
1734 922 1787 965 a.
1898 900 2197 964 Ecclesiae
2238 922 2383 965 sane
2422 903 2501 965 de

207 1004 398 1047 manu
436 984 750 1058 laicorum,
799 990 864 1044 et
908 982 1190 1057 decimas,
1221 990 1352 1044 tam
1395 982 1534 1043 illos
1582 1002 1768 1062 quam
1816 983 2002 1044 etiam
2041 1003 2315 1064 quosque
2342 984 2504 1047 Reli-

208 1066 430 1147 giosos,
479 1066 612 1127 sine
661 1084 957 1127 consensu
1004 1063 1426 1144 episcoporum
1471 1064 1741 1143 recipere
1786 1065 2193 1143 prohibemus,
2237 1064 2509 1127 dimissis

211 1148 400 1211 etiam
427 1146 552 1208 illis
577 1166 728 1226 quas
757 1152 968 1207 contra
993 1153 1268 1208 tenorem
1292 1146 1482 1206 istum
1501 1144 1796 1206 moderno
1824 1152 2095 1225 tempore
2122 1155 2499 1226 receperunt,

211 1228 770 1291 excommunicatos
817 1234 884 1289 et
929 1226 1292 1287 nominatim
1330 1226 1709 1301 interdictos,
1756 1233 1883 1288 tam
1929 1228 2006 1289 ab
2047 1227 2170 1289 illis
2213 1247 2397 1307 quam
2423 1229 2512 1291 ab

210 1310 348 1373 aliis
375 1309 673 1383 omnibus,
699 1308 883 1387 juxta
921 1328 956 1370 e
999 1307 1340 1388 iscoporum
1379 1308 1764 1383 sententiam,
1796 1309 2121 1370 statuimus
2162 1309 2495 1371 evitandos.

211 1392 290 1453 In
331 1390 598 1453 ecclesiis
637 1390 781 1465 suis,
811 1410 948 1469 quae
991 1387 1068 1472 ‘5]
1097 1388 1176 1450 ad
1215 1408 1319 1451 eos
1359 1388 1540 1468 pleno
1586 1388 1724 1468 jure
1764 1409 1889 1450 non
1928 1390 2257 1471 pertinent,
2286 1392 2510 1453 consti-
2592 1407 2603 1418 ·

212 1471 481 1535 tuendos
508 1471 877 1552 presbiteros
905 1470 1198 1550 episcopis
1225 1477 1681 1551 repraesentent,
1712 1478 1785 1530 ut
1811 1470 1897 1531 eis
1926 1470 2175 1550 quidem
2202 1471 2280 1533 de
2308 1472 2503 1553 plebis

213 1574 362 1617 cura
385 1553 814 1633 respondeant,
843 1552 994 1632 ipsis
1020 1572 1167 1614 vero
1195 1571 1305 1631 pro
1337 1552 1520 1613 rebus
1562 1551 1995 1631 temporalibus
2020 1554 2321 1615 rationem
2348 1574 2505 1617 com-

211 1643 530 1717 petentem
571 1632 972 1716 ex[h]ibeant.
1085 1632 1414 1695 Institutos
1452 1639 1661 1693 autem
1701 1632 2033 1695 inconsulti
2072 1634 2338 1715 episcopi
2378 1655 2511 1699 non

212 1717 486 1779 audeant
503 1734 836 1777 removere.
926 1714 994 1776 Si
1011 1733 1156 1775 vero
1178 1713 1508 1793 Templarii
1535 1721 1645 1774 aut
1671 1712 1803 1775 Hos
1846 1714 2069 1777 italarii
2090 1716 2170 1777 ad
2190 1716 2511 1777 ecclesiam-

214 1796 608 1861 interdictam
633 1796 902 1871 veniant,
935 1815 1060 1858 non
1101 1795 1220 1856 nisi
1245 1795 1434 1857 semel
1459 1796 1524 1857 in
1552 1815 1713 1856 anno
1742 1814 1779 1856 a
1850 1796 2111 1857 officium
2152 1797 2507 1859 ecclesiasti·

213 1900 356 1942 cum
411 1878 834 1952 admittantur,
892 1896 1006 1939 nec
1059 1875 1186 1937 ulla
1236 1876 1324 1937 ibi
1391 1875 1689 1955 sepeliant
1756 1876 2181 1939 defunctorum
2235 1898 2509 1959 corpora.

211 1961 314 2023 De
379 1958 896 2022 Fraternitatibus
963 1965 1172 2020 autem
1245 1956 1373 2019 hoec
1449 1957 1876 2020 constituimus
1897 1966 2069 2020 t-ut
2131 1958 2185 2020 si
2246 1980 2372 2022 non
2440 1981 2505 2021 se

213 2040 524 2123 praedictis
590 2040 882 2102 fratribus
957 2039 1206 2101 omnino
1279 2037 1678 2114 reddiderint,
1724 2039 1833 2101 sed
1899 2040 1966 2101 in
2028 2041 2519 2121 proprietatibus

215 2123 344 2185 suis
413 2122 708 2185 duxerint
778 2120 1232 2196 remanendum,
1291 2127 1543 2200 propter
1607 2119 1723 2181 hoc
1795 2121 2212 2201 episcoporum
2275 2144 2312 2185 a
2378 2143 2509 2185 sen-

215 2204 416 2266 tentia
468 2204 820 2265 nullatenus
874 2202 1236 2277 eximantur,
1282 2201 1390 2263 sed
1442 2208 1814 2282 potestatem
1870 2222 2043 2263 suam
2082 2203 2151 2264 in
2191 2224 2295 2265 eos
2350 2204 2509 2267 sicut

215 2287 286 2347 in
327 2285 758 2365 parrochianos
803 2303 944 2345 suos
985 2288 1311 2345 exerceant
1357 2301 1513 2357 cum,
1562 2302 1671 2363 pro
1719 2284 2064 2345 excessibus
2108 2285 2249 2359 suis,
2278 2284 2512 2348 fuerint

217 2366 579 2447 corrigendi.
667 2364 845 2441 Quod
873 2372 1080 2427 autem
1107 2364 1187 2426 de
1213 2363 1518 2443 praedictis
1546 2364 1841 2424 fratribus
1867 2364 2104 2426 dictum
2130 2374 2241 2441 est,
2273 2366 2350 2428 ab
2376 2366 2512 2429 aliis

217 2467 462 2529 quoque
489 2446 832 2525 Religiosis‚
862 2446 968 2526 qui
1009 2445 1479 2526 praesumptione
1507 2464 1620 2507 sua
1646 2444 2063 2525 episcoporum
2098 2444 2243 2525 jura
2268 2448 2514 2528 praerip-

218 2531 378 2604 iunt,
450 2536 514 2591 et
583 2535 798 2590 contra
864 2528 1181 2589 canonicas
1236 2546 1446 2589 eorum
1501 2526 1840 2589 sententias
1895 2535 1961 2589 et
2013 2535 2291 2590 tenorem
2333 2530 2518 2609 privi-

219 2612 520 2692 legiorum
559 2616 910 2672 nostrorum
951 2608 1162 2671 venire
1202 2614 1594 2688 praesumant,
1622 2607 2007 2687 praecipimus
2033 2609 2358 2671 observari.
2445 2610 2513 2672 Si

221 2700 434 2755 autem
479 2699 694 2753 contra
741 2690 1094 2751 institutum
1135 2689 1251 2752 hoc
1291 2689 1593 2763 venerint,
1624 2696 1689 2751 et
1730 2689 1995 2751 ecclesias
2034 2690 2102 2751 in
2143 2690 2365 2785 quibus
2393 2690 2515 2753 ista

221 2773 722 2855 praesumpserint
760 2770 1113 2851 subjaceant
1153 2769 1499 2846 interdictO,
1546 2776 1610 2833 et
1652 2770 1817 2849 quod
1862 2770 2102 2852 egerint
2153 2772 2397 2834 irritum
2452 2783 2517 2836 et

222 2874 488 2919 vacuum
515 2854 828 2916 habeatur.

307 3020 362 3079 5.
436 3031 585 3077 1111.
651 3015 1024 3077 Innovamus
1091 3013 1321 3075 ibidem
1394 3020 1470 3074 ut
1536 3012 1877 3094 presbiteri,
1942 3014 2163 3091 clerici,
2214 3016 2523 3093 monachi,

223 3098 519 3172 conversi,
549 3096 855 3177 peregrini
895 3102 1278 3169 mercatores,
1321 3095 1533 3156 rustici
1583 3103 1799 3157 euntes
1848 3102 1911 3157 et
1957 3096 2301 3174 redeuntes,
2346 3104 2411 3160 et
2450 3100 2516 3160 in

223 3178 596 3261 agricultura
635 3178 990 3253 existentes,
1023 3184 1087 3239 et
1129 3176 1417 3239 animalia
1497 3177 1678 3240 uibus
1718 3185 1914 3256 arant,
1946 3177 2167 3257 quibus
2194 3178 2275 3239 ad
2300 3198 2520 3273 agrum

221 3260 458 3323 semina
484 3266 750 3341 portant,
782 3260 1072 3320 continua
1110 3258 1436 3320 securitate
1501 3264 1781 3334 aetentur,
1809 3278 1920 3321 nec
1948 3259 2253 3339 quispiam
2294 3259 2519 3323 alicubi

222 3362 414 3405 novas
463 3340 904 3422 pedagionum²
951 3339 1314 3415 exactiones,
1345 3345 1456 3401 aut
1495 3346 1759 3401 statutas
1799 3338 1878 3401 de
1916 3360 2079 3402 novo
2122 3337 2247 3435 [5¹³]
2288 3348 2515 3418 tenere,

223 3431 335 3487 aut
382 3429 620 3485 veteres
669 3421 1028 3503 augeritare,
1086 3420 1290 3500 aliquo
1344 3420 1528 3482 modo
1584 3428 1927 3500 praesumat.
2015 3421 2083 3483 Si
2126 3441 2265 3501 quis
2311 3431 2518 3485 autem

223 3512 440 3569 contra
464 3503 580 3565 hoc
607 3502 862 3579 venerit,
892 3509 960 3563 et
984 3503 1387 3564 commonitus
1428 3522 1553 3564 non
1594 3502 1920 3579 destiterit,
1950 3502 2143 3565 donec
2184 3504 2521 3567 satisfaciat

225 3586 652 3651 communione
680 3590 884 3647 careat
909 3583 1276 3647 Christiana.

293 3728 318 3827 Ξ
350 3730 736 3855 guffibmu,
785 3793 1107 3854 Pana-nun,
1153 3792 1319 3869 Pam-
1432 3730 1785 3858 ἓιῖἒῗηὶἰωὲῗ
1853 3726 2187 3869 11111ιίιὲἒὸ
2211 3726 2521 3857 114ἕὴῡῗὲ

229 3875 356 3923 ann,
384 3864 486 3913 eto.
558 3859 846 3911 Tributnm
877 3858 1024 3925 quod
1044 3858 1317 3924 penditur,
1432 3870 1512 3907 lv.
1561 3857 1703 3909 Gall.
1865 3857 1880 3871 ⁹
1911 3861 1956 3920 t,
1994 3863 2140 3909 mter
2182 3858 2349 3913 Instr-
2410 3862 2511 3912 col.

227 3926 566 3987 exsolvitur3
611 3941 679 3977 ex
719 3924 930 3977 Gallico
961 3924 1136 3989 Peaqc
1150 3940 1170 3976 .·
1199 3938 1320 3974 nos-
1437 3922 1534 3977 172
1555 3926 1661 3974 =—‘
1678 3922 1971 3990 Pedagium
2013 3940 2085 3989 qu
2156 3940 2225 3975 ue
2266 3924 2413 4005 quod
2451 3926 2522 3977 de

228 3992 334 4045 tris
378 3992 529 4043 enim
567 3990 725 4057 paier
759 3993 844 4042 est
887 3988 1113 4052 solvere,
1160 4004 1321 4055 proes-
1435 3988 1603 4039 carris
1635 3988 1829 4039 vestris
1860 3990 2131 4041 communi
2168 4006 2232 4041 us
2264 4004 2379 4041 sive
2399 4006 2519 4056 pro-

231 4064 368 4111 tare.
434 4056 778 4110 Auctor-itate
818 4052 1145 4121 Breviloqui,
1185 4054 1320 4105 Ped-
1434 4052 1568 4119 priis
1606 4052 1663 4104 in
1696 4054 1932 4106 transitu
1971 4058 2141 4121 portae
2180 4054 2519 4107 Divionensis

229 4125 358 4189 aqia
391 4121 646 4175 dicuntur
678 4137 796 4187 quae
835 4122 1038 4173 dantur
1076 4136 1110 4170 a
1147 4123 1320 4170 trans-
1434 4117 1799 4185 accipiebatur
1810 4120 2023 4171 omnino
2041 4120 2289 4172 remisit)
2320 4120 2523 4173 Charta

233 4187 489 4241 euntibus
542 4188 601 4239 in
651 4186 828 4238 locum
879 4184 1236 4238 constitutum
1289 4200 1326 4236 a
1436 4184 1599 4235 Anno
1638 4186 1802 4246 12573
1864 4188 1961 4237 ‘ex
1996 4184 2220 4238 Schedia
2252 4184 2415 4237 Pruna.
2453 4186 2525 4236 de

233 4254 504 4320 Principe.
561 4289 577 4306 .
639 4288 654 4305 .
713 4290 728 4305 .
791 4252 996 4305 charta.
1060 4249 1324 4301 willelmi
1436 4248 1756 4317 Mmugues
1792 4287 1806 4302 .
1846 4288 1859 4302 .
1900 4286 1916 4303 .
1955 4250 2218 4302 Dominus
2228 4250 2523 4317 Episcopus

233 4318 402 4373 Ducis
472 4317 799 4395 Aquitaniae,
881 4332 1023 4369 anno
1091 4317 1218 4371 1087
1241 4334 1324 4367 ε-
1435 4316 1611 4382 possit
1643 4352 1659 4369 .
1699 4352 1713 4369 .
1751 4352 1767 4367 .
1806 4316 1877 4367 ad
1908 4316 1995 4367 sui
2025 4315 2361 4368 voluntatem
2393 4316 2521 4367 reci-

241 4390 257 4414 ‘
277 4384 435 4437 Dono
490 4388 656 4435 etiam
701 4382 882 4435 omnia
933 4380 1164 4449 pedagia
1207 4396 1326 4433 mea
1436 4396 1565 4447 pere
1614 4418 1627 4433 .
1683 4419 1698 4434 .
1753 4418 1770 4433 .
1894 4397 1979 4431 use
2010 4381 2174 4433 etiam
2218 4380 2527 4448 specialiter

235 4448 512 4503 monachis
533 4455 592 4501 et
613 4448 917 4499 hominibus
940 4453 1098 4499 terrae
1119 4462 1320 4510 eorum,
1437 4444 1745 4513 pedagium,
1783 4398 2071 4513 paengmm
2112 4446 2259 4510 salis,
2298 4445 2435 4499 ferri
2466 4454 2541 4499 et.

236 4522 298 4569 et
351 4531 536 4567 omnes
589 4514 704 4567 sint
756 4513 914 4567 liberi
967 4512 1036 4565 de
1084 4512 1328 4579 pedagiis
1437 4511 1706 4578 piscium!
1724 4511 2089 4579 ’'—Duoanoc.
