<?xml version="1.0" encoding="UTF-8"?>
<!DOCTYPE html PUBLIC "-//W3C//DTD XHTML 1.0 Transitional//EN"
    "http://www.w3.org/TR/xhtml1/DTD/xhtml1-transitional.dtd">
<html xmlns="http://www.w3.org/1999/xhtml" xml:lang="en" lang="en">
 <head>
  <title>
</title>
<meta http-equiv="Content-Type" content="text/html;charset=utf-8" />
  <meta name='ocr-system' content='tesseract 3.04.00' />
  <meta name='ocr-capabilities' content='ocr_page ocr_carea ocr_par ocr_line ocrx_word'/>
</head>
<body>
  <div class='ocr_page' id='page_1' title='image "./cartulariumabba00atkigoog_0424.png"; bbox 0 0 3075 5009; ppageno 0'>
   <div class='ocr_carea' id='block_1_1' title="bbox 914 487 2527 547">
    <p class='ocr_par' dir='ltr' id='par_1_1' title="bbox 914 487 2527 547">
     <span class='ocr_line' id='line_1_1' title="bbox 914 487 2527 547; baseline 0.001 -2"><span class='ocrx_word' id='word_1_1' title='bbox 914 496 1386 547; x_wconf 71' lang='lat' dir='ltr'><strong>cAR‘rULAmUM</strong></span> <span class='ocrx_word' id='word_1_2' title='bbox 1414 497 1879 546; x_wconf 76' lang='lat' dir='ltr'>RIEVALLENSE.</span> <span class='ocrx_word' id='word_1_3' title='bbox 2406 487 2527 547; x_wconf 86' lang='lat'><strong>301</strong></span> 
     </span>
    </p>
   </div>
   <div class='ocr_carea' id='block_1_2' title="bbox 247 655 2544 4392">
    <p class='ocr_par' dir='ltr' id='par_1_2' title="bbox 247 655 2544 4392">
     <span class='ocr_line' id='line_1_2' title="bbox 255 655 2528 739; baseline 0.001 -19"><span class='ocrx_word' id='word_1_4' title='bbox 255 656 556 721; x_wconf 84' lang='lat' dir='ltr'><strong>omnibus</strong></span> <span class='ocrx_word' id='word_1_5' title='bbox 585 656 992 732; x_wconf 87' lang='lat' dir='ltr'><strong>tenementis,</strong></span> <span class='ocrx_word' id='word_1_6' title='bbox 1025 676 1176 720; x_wconf 89' lang='lat' dir='ltr'><strong>cum</strong></span> <span class='ocrx_word' id='word_1_7' title='bbox 1218 655 1656 739; x_wconf 77' lang='lat' dir='ltr'><strong>pertinenciiS,</strong></span> <span class='ocrx_word' id='word_1_8' title='bbox 1684 676 1831 739; x_wconf 84' lang='lat' dir='ltr'><strong>quae</strong></span> <span class='ocrx_word' id='word_1_9' title='bbox 1872 655 2063 721; x_wconf 87' lang='lat' dir='ltr'><strong>liberi</strong></span> <span class='ocrx_word' id='word_1_10' title='bbox 2105 655 2402 721; x_wconf 82' lang='lat' dir='ltr'><strong>homines</strong></span> <span class='ocrx_word' id='word_1_11' title='bbox 2447 658 2528 722; x_wconf 92' lang='lat' dir='ltr'><strong>de</strong></span> 
     </span>
     <span class='ocr_line' id='line_1_3' title="bbox 256 742 2529 827; baseline 0.002 -21"><span class='ocrx_word' id='word_1_12' title='bbox 256 743 617 807; x_wconf 87' lang='lat' dir='ltr'><strong>Folketona</strong></span> <span class='ocrx_word' id='word_1_13' title='bbox 661 742 784 827; x_wconf 88' lang='lat' dir='ltr'><strong>[et]</strong></span> <span class='ocrx_word' id='word_1_14' title='bbox 829 743 911 807; x_wconf 92' lang='lat' dir='ltr'><strong>de</strong></span> <span class='ocrx_word' id='word_1_15' title='bbox 952 743 1380 824; x_wconf 84' lang='lat' dir='ltr'><strong>Flotemanby</strong></span> <span class='ocrx_word' id='word_1_16' title='bbox 1411 743 1504 807; x_wconf 90' lang='lat' dir='ltr'><strong>eis</strong></span> <span class='ocrx_word' id='word_1_17' title='bbox 1551 742 1867 806; x_wconf 88' lang='lat' dir='ltr'><strong>dederunt</strong></span> <span class='ocrx_word' id='word_1_18' title='bbox 1895 748 1963 808; x_wconf 83' lang='lat' dir='ltr'><strong>et</strong></span> <span class='ocrx_word' id='word_1_19' title='bbox 2008 792 2023 807; x_wconf 91' lang='lat'><strong>.</strong></span> <span class='ocrx_word' id='word_1_20' title='bbox 2071 792 2086 807; x_wconf 91' lang='lat'><strong>.</strong></span> <span class='ocrx_word' id='word_1_21' title='bbox 2130 792 2146 809; x_wconf 88' lang='lat'><strong>.</strong></span> <span class='ocrx_word' id='word_1_22' title='bbox 2192 744 2529 810; x_wconf 84' lang='lat' dir='ltr'><strong>confirma-</strong></span> 
     </span>
     <span class='ocr_line' id='line_1_4' title="bbox 257 829 2529 914; baseline 0.003 -23"><span class='ocrx_word' id='word_1_23' title='bbox 257 837 527 893; x_wconf 86' lang='lat' dir='ltr'><strong>verunt:</strong></span> <span class='ocrx_word' id='word_1_24' title='bbox 593 829 1030 895; x_wconf 88' lang='lat' dir='ltr'><strong>Donationem</strong></span> <span class='ocrx_word' id='word_1_25' title='bbox 1098 880 1112 895; x_wconf 94' lang='lat'><strong>.</strong></span> <span class='ocrx_word' id='word_1_26' title='bbox 1179 880 1194 895; x_wconf 89' lang='lat'><strong>.</strong></span> <span class='ocrx_word' id='word_1_27' title='bbox 1237 879 1252 894; x_wconf 87' lang='lat'><em>.</em></span> <span class='ocrx_word' id='word_1_28' title='bbox 1314 850 1476 913; x_wconf 88' lang='lat' dir='ltr'><strong>quas</strong></span> <span class='ocrx_word' id='word_1_29' title='bbox 1517 829 1803 894; x_wconf 85' lang='lat' dir='ltr'><strong>Alardus</strong></span> <span class='ocrx_word' id='word_1_30' title='bbox 1834 830 1913 894; x_wconf 91' lang='lat' dir='ltr'><strong>de</strong></span> <span class='ocrx_word' id='word_1_31' title='bbox 1943 829 2349 914; x_wconf 81' lang='lat' dir='ltr'><strong>Willardeby</strong></span> <span class='ocrx_word' id='word_1_32' title='bbox 2392 882 2408 899; x_wconf 90' lang='lat'><strong>.</strong></span> <span class='ocrx_word' id='word_1_33' title='bbox 2453 881 2467 896; x_wconf 94' lang='lat'><strong>.</strong></span> <span class='ocrx_word' id='word_1_34' title='bbox 2515 880 2529 897; x_wconf 90' lang='lat'><strong>.</strong></span> 
     </span>
     <span class='ocr_line' id='line_1_5' title="bbox 254 916 2532 1001; baseline 0.001 -21"><span class='ocrx_word' id='word_1_35' title='bbox 254 917 415 981; x_wconf 83' lang='lat' dir='ltr'><strong>feeit</strong></span> <span class='ocrx_word' id='word_1_36' title='bbox 436 916 578 980; x_wconf 93' lang='lat' dir='ltr'><strong>Deo</strong></span> <span class='ocrx_word' id='word_1_37' title='bbox 621 966 636 981; x_wconf 91' lang='lat'><strong>.</strong></span> <span class='ocrx_word' id='word_1_38' title='bbox 681 966 698 985; x_wconf 83' lang='lat'><strong>.</strong></span> <span class='ocrx_word' id='word_1_39' title='bbox 745 965 760 981; x_wconf 94' lang='lat'><strong>.</strong></span> <span class='ocrx_word' id='word_1_40' title='bbox 807 916 887 981; x_wconf 88' lang='lat' dir='ltr'><strong>de</strong></span> <span class='ocrx_word' id='word_1_41' title='bbox 915 917 1126 981; x_wconf 88' lang='lat' dir='ltr'><strong>tribus</strong></span> <span class='ocrx_word' id='word_1_42' title='bbox 1149 916 1314 981; x_wconf 85' lang='lat' dir='ltr'><strong>acris</strong></span> <span class='ocrx_word' id='word_1_43' title='bbox 1335 917 1510 1000; x_wconf 88' lang='lat' dir='ltr'><strong>prati</strong></span> <span class='ocrx_word' id='word_1_44' title='bbox 1531 922 1599 981; x_wconf 86' lang='lat' dir='ltr'><strong>et</strong></span> <span class='ocrx_word' id='word_1_45' title='bbox 1618 916 1907 994; x_wconf 82' lang='lat' dir='ltr'><strong>dimidia,</strong></span> <span class='ocrx_word' id='word_1_46' title='bbox 1929 937 2079 981; x_wconf 90' lang='lat' dir='ltr'><strong>cum</strong></span> <span class='ocrx_word' id='word_1_47' title='bbox 2095 917 2532 1001; x_wconf 74' lang='lat' dir='ltr'><strong>pertinenciiS,</strong></span> 
     </span>
     <span class='ocr_line' id='line_1_6' title="bbox 255 1003 2532 1089; baseline 0.002 -23"><span class='ocrx_word' id='word_1_48' title='bbox 255 1004 328 1067; x_wconf 91' lang='lat' dir='ltr'><strong>in</strong></span> <span class='ocrx_word' id='word_1_49' title='bbox 358 1011 540 1087; x_wconf 89' lang='lat' dir='ltr'><strong>prato</strong></span> <span class='ocrx_word' id='word_1_50' title='bbox 584 1003 666 1068; x_wconf 91' lang='lat' dir='ltr'><strong>de</strong></span> <span class='ocrx_word' id='word_1_51' title='bbox 710 1003 1145 1086; x_wconf 86' lang='lat' dir='ltr'><strong>Willardeby:</strong></span> <span class='ocrx_word' id='word_1_52' title='bbox 1188 1003 1627 1068; x_wconf 88' lang='lat' dir='ltr'><strong>Donationem</strong></span> <span class='ocrx_word' id='word_1_53' title='bbox 1672 1054 1685 1068; x_wconf 93' lang='lat'>.</span> <span class='ocrx_word' id='word_1_54' title='bbox 1732 1053 1747 1068; x_wconf 89' lang='lat'><strong>.</strong></span> <span class='ocrx_word' id='word_1_55' title='bbox 1792 1052 1808 1068; x_wconf 89' lang='lat'><strong>.</strong></span> <span class='ocrx_word' id='word_1_56' title='bbox 1856 1024 2017 1087; x_wconf 85' lang='lat' dir='ltr'><strong>quas</strong></span> <span class='ocrx_word' id='word_1_57' title='bbox 2062 1004 2407 1089; x_wconf 79' lang='lat' dir='ltr'><strong>Gregorius</strong></span> <span class='ocrx_word' id='word_1_58' title='bbox 2451 1006 2532 1071; x_wconf 91' lang='lat' dir='ltr'><strong>de</strong></span> 
     </span>
     <span class='ocr_line' id='line_1_7' title="bbox 257 1090 2531 1173; baseline 0.001 -19"><span class='ocrx_word' id='word_1_59' title='bbox 257 1090 696 1173; x_wconf 83' lang='lat' dir='ltr'><strong>Flameburge,</strong></span> <span class='ocrx_word' id='word_1_60' title='bbox 741 1141 755 1154; x_wconf 93' lang='lat'><strong>.</strong></span> <span class='ocrx_word' id='word_1_61' title='bbox 803 1140 816 1155; x_wconf 92' lang='lat'><strong>.</strong></span> <span class='ocrx_word' id='word_1_62' title='bbox 863 1140 876 1155; x_wconf 92' lang='lat'><strong>.</strong></span> <span class='ocrx_word' id='word_1_63' title='bbox 925 1091 1081 1155; x_wconf 85' lang='lat' dir='ltr'><strong>fecit</strong></span> <span class='ocrx_word' id='word_1_64' title='bbox 1109 1092 1252 1155; x_wconf 92' lang='lat' dir='ltr'><strong>Deo</strong></span> <span class='ocrx_word' id='word_1_65' title='bbox 1280 1140 1294 1154; x_wconf 89' lang='lat'><strong>.</strong></span> <span class='ocrx_word' id='word_1_66' title='bbox 1327 1140 1340 1155; x_wconf 92' lang='lat'><strong>.</strong></span> <span class='ocrx_word' id='word_1_67' title='bbox 1374 1141 1388 1155; x_wconf 92' lang='lat'>.</span> <span class='ocrx_word' id='word_1_68' title='bbox 1421 1091 1501 1155; x_wconf 92' lang='lat' dir='ltr'><strong>de</strong></span> <span class='ocrx_word' id='word_1_69' title='bbox 1525 1090 1865 1155; x_wconf 81' lang='lat' dir='ltr'><strong>duodecim</strong></span> <span class='ocrx_word' id='word_1_70' title='bbox 1886 1091 2169 1155; x_wconf 88' lang='lat' dir='ltr'><strong>denariis</strong></span> <span class='ocrx_word' id='word_1_71' title='bbox 2191 1094 2531 1157; x_wconf 88' lang='lat' dir='ltr'><strong>annuatim</strong></span> 
     </span>
     <span class='ocr_line' id='line_1_8' title="bbox 255 1176 2528 1264; baseline 0.001 -23"><span class='ocrx_word' id='word_1_72' title='bbox 255 1176 690 1263; x_wconf 80' lang='lat' dir='ltr'><strong>percipiendis</strong></span> <span class='ocrx_word' id='word_1_73' title='bbox 721 1177 802 1242; x_wconf 90' lang='lat' dir='ltr'><strong>de</strong></span> <span class='ocrx_word' id='word_1_74' title='bbox 828 1177 945 1242; x_wconf 92' lang='lat' dir='ltr'><strong>illo</strong></span> <span class='ocrx_word' id='word_1_75' title='bbox 977 1178 1212 1254; x_wconf 87' lang='lat' dir='ltr'><strong>clauso,</strong></span> <span class='ocrx_word' id='word_1_76' title='bbox 1241 1198 1388 1241; x_wconf 89' lang='lat' dir='ltr'><strong>cum</strong></span> <span class='ocrx_word' id='word_1_77' title='bbox 1434 1178 1873 1261; x_wconf 77' lang='lat' dir='ltr'><strong>pertinenciis,</strong></span> <span class='ocrx_word' id='word_1_78' title='bbox 1902 1179 1973 1241; x_wconf 93' lang='lat' dir='ltr'><strong>in</strong></span> <span class='ocrx_word' id='word_1_79' title='bbox 2017 1178 2528 1264; x_wconf 83' lang='lat' dir='ltr'><strong>Fraistingtorpe</strong></span> 
     </span>
     <span class='ocr_line' id='line_1_9' title="bbox 257 1264 2533 1349; baseline 0.001 -21"><span class='ocrx_word' id='word_1_80' title='bbox 257 1285 454 1349; x_wconf 89' lang='lat' dir='ltr'><strong>quem</strong></span> <span class='ocrx_word' id='word_1_81' title='bbox 473 1264 826 1329; x_wconf 80' lang='lat' dir='ltr'><strong>Gaufridus</strong></span> <span class='ocrx_word' id='word_1_82' title='bbox 857 1265 1156 1328; x_wconf 86' lang='lat' dir='ltr'><strong>Medicus</strong></span> <span class='ocrx_word' id='word_1_83' title='bbox 1173 1265 1254 1328; x_wconf 91' lang='lat' dir='ltr'><strong>de</strong></span> <span class='ocrx_word' id='word_1_84' title='bbox 1275 1264 1391 1329; x_wconf 91' lang='lat' dir='ltr'><strong>illo</strong></span> <span class='ocrx_word' id='word_1_85' title='bbox 1421 1264 1775 1347; x_wconf 86' lang='lat' dir='ltr'><strong>aliquando</strong></span> <span class='ocrx_word' id='word_1_86' title='bbox 1803 1266 2050 1329; x_wconf 89' lang='lat' dir='ltr'><strong>tenuit:</strong></span> <span class='ocrx_word' id='word_1_87' title='bbox 2096 1265 2533 1331; x_wconf 88' lang='lat' dir='ltr'><strong>Donationem</strong></span> 
     </span>
     <span class='ocr_line' id='line_1_10' title="bbox 255 1351 2535 1436; baseline 0 -19"><span class='ocrx_word' id='word_1_88' title='bbox 255 1402 271 1416; x_wconf 89' lang='lat'>.</span> <span class='ocrx_word' id='word_1_89' title='bbox 320 1402 337 1417; x_wconf 91' lang='lat'>.</span> <span class='ocrx_word' id='word_1_90' title='bbox 380 1401 395 1416; x_wconf 91' lang='lat'><strong><em>.</em></strong></span> <span class='ocrx_word' id='word_1_91' title='bbox 441 1371 602 1436; x_wconf 91' lang='lat' dir='ltr'><strong>quas</strong></span> <span class='ocrx_word' id='word_1_92' title='bbox 655 1352 974 1415; x_wconf 87' lang='lat' dir='ltr'><strong>Robertus</strong></span> <span class='ocrx_word' id='word_1_93' title='bbox 1026 1351 1201 1415; x_wconf 90' lang='lat' dir='ltr'><strong>filius</strong></span> <span class='ocrx_word' id='word_1_94' title='bbox 1252 1352 1299 1415; x_wconf 84' lang='lat' dir='ltr'>J</span> <span class='ocrx_word' id='word_1_95' title='bbox 1300 1352 1484 1416; x_wconf 92' lang='lat' dir='ltr'><strong>acobi</strong></span> <span class='ocrx_word' id='word_1_96' title='bbox 1527 1352 1609 1416; x_wconf 91' lang='lat' dir='ltr'><strong>de</strong></span> <span class='ocrx_word' id='word_1_97' title='bbox 1654 1353 1772 1415; x_wconf 88' lang='lat' dir='ltr'><strong>Est</strong></span> <span class='ocrx_word' id='word_1_98' title='bbox 1814 1352 2150 1417; x_wconf 83' lang='lat' dir='ltr'><strong>Eselerton</strong></span> <span class='ocrx_word' id='word_1_99' title='bbox 2194 1401 2208 1418; x_wconf 91' lang='lat'><strong>.</strong></span> <span class='ocrx_word' id='word_1_100' title='bbox 2254 1402 2269 1417; x_wconf 91' lang='lat'><strong>.</strong></span> <span class='ocrx_word' id='word_1_101' title='bbox 2314 1402 2330 1419; x_wconf 90' lang='lat'><strong>.</strong></span> <span class='ocrx_word' id='word_1_102' title='bbox 2376 1353 2535 1418; x_wconf 83' lang='lat' dir='ltr'><strong>fecit</strong></span> 
     </span>
     <span class='ocr_line' id='line_1_11' title="bbox 255 1438 2533 1525; baseline 0.001 -22"><span class='ocrx_word' id='word_1_103' title='bbox 255 1438 400 1503; x_wconf 89' lang='lat' dir='ltr'><strong>Deo</strong></span> <span class='ocrx_word' id='word_1_104' title='bbox 447 1489 460 1503; x_wconf 94' lang='lat'><strong>.</strong></span> <span class='ocrx_word' id='word_1_105' title='bbox 508 1489 522 1504; x_wconf 94' lang='lat'><strong>.</strong></span> <span class='ocrx_word' id='word_1_106' title='bbox 569 1489 582 1504; x_wconf 96' lang='lat'><strong>.</strong></span> <span class='ocrx_word' id='word_1_107' title='bbox 630 1438 710 1502; x_wconf 90' lang='lat' dir='ltr'><strong>de</strong></span> <span class='ocrx_word' id='word_1_108' title='bbox 739 1458 873 1501; x_wconf 87' lang='lat' dir='ltr'><strong>uno</strong></span> <span class='ocrx_word' id='word_1_109' title='bbox 903 1438 1171 1503; x_wconf 86' lang='lat' dir='ltr'><strong>sellione</strong></span> <span class='ocrx_word' id='word_1_110' title='bbox 1216 1446 1421 1514; x_wconf 77' lang='lat' dir='ltr'><strong>terrae,</strong></span> <span class='ocrx_word' id='word_1_111' title='bbox 1464 1458 1615 1502; x_wconf 91' lang='lat' dir='ltr'><strong>cum</strong></span> <span class='ocrx_word' id='word_1_112' title='bbox 1658 1440 2095 1522; x_wconf 74' lang='lat' dir='ltr'><strong>pertinenciiS,</strong></span> <span class='ocrx_word' id='word_1_113' title='bbox 2124 1440 2207 1504; x_wconf 90' lang='lat' dir='ltr'><strong>de</strong></span> <span class='ocrx_word' id='word_1_114' title='bbox 2249 1438 2533 1525; x_wconf 87' lang='lat' dir='ltr'><strong>longitu-</strong></span> 
     </span>
     <span class='ocr_line' id='line_1_12' title="bbox 257 1525 2533 1611; baseline 0.001 -22"><span class='ocrx_word' id='word_1_115' title='bbox 257 1525 411 1589; x_wconf 92' lang='lat' dir='ltr'><strong>dine</strong></span> <span class='ocrx_word' id='word_1_116' title='bbox 441 1526 766 1590; x_wconf 81' lang='lat' dir='ltr'><strong>sexdecim</strong></span> <span class='ocrx_word' id='word_1_117' title='bbox 797 1526 1205 1608; x_wconf 79' lang='lat' dir='ltr'><strong>perticarum,</strong></span> <span class='ocrx_word' id='word_1_118' title='bbox 1237 1534 1304 1589; x_wconf 87' lang='lat' dir='ltr'><strong>et</strong></span> <span class='ocrx_word' id='word_1_119' title='bbox 1331 1526 1402 1589; x_wconf 93' lang='lat' dir='ltr'><strong>in</strong></span> <span class='ocrx_word' id='word_1_120' title='bbox 1432 1525 1782 1589; x_wconf 88' lang='lat' dir='ltr'><strong>latitudine</strong></span> <span class='ocrx_word' id='word_1_121' title='bbox 1813 1527 2008 1590; x_wconf 87' lang='lat' dir='ltr'><strong>unius</strong></span> <span class='ocrx_word' id='word_1_122' title='bbox 2038 1526 2387 1610; x_wconf 88' lang='lat' dir='ltr'><strong>perticatae,</strong></span> <span class='ocrx_word' id='word_1_123' title='bbox 2417 1529 2533 1611; x_wconf 91' lang='lat' dir='ltr'><strong>qui</strong></span> 
     </span>
     <span class='ocr_line' id='line_1_13' title="bbox 247 1612 2533 1697; baseline 0.002 -22"><span class='ocrx_word' id='word_1_124' title='bbox 247 1613 428 1695; x_wconf 86' lang='lat' dir='ltr'><strong>jacet</strong></span> <span class='ocrx_word' id='word_1_125' title='bbox 455 1612 876 1697; x_wconf 90' lang='lat' dir='ltr'><strong>propinquior</strong></span> <span class='ocrx_word' id='word_1_126' title='bbox 904 1612 1158 1696; x_wconf 84' lang='lat' dir='ltr'><strong>spineto</strong></span> <span class='ocrx_word' id='word_1_127' title='bbox 1187 1613 1419 1677; x_wconf 89' lang='lat' dir='ltr'><strong>subtus</strong></span> <span class='ocrx_word' id='word_1_128' title='bbox 1450 1613 1800 1676; x_wconf 82' lang='lat' dir='ltr'><strong>bercariam</strong></span> <span class='ocrx_word' id='word_1_129' title='bbox 1832 1633 2018 1677; x_wconf 88' lang='lat' dir='ltr'><strong>suam</strong></span> <span class='ocrx_word' id='word_1_130' title='bbox 2040 1614 2112 1677; x_wconf 92' lang='lat' dir='ltr'><strong>in</strong></span> <span class='ocrx_word' id='word_1_131' title='bbox 2134 1614 2253 1677; x_wconf 87' lang='lat' dir='ltr'><strong>Est</strong></span> <span class='ocrx_word' id='word_1_132' title='bbox 2283 1615 2533 1679; x_wconf 87' lang='lat' dir='ltr'><strong>Eseler-</strong></span> 
     </span>
     <span class='ocr_line' id='line_1_14' title="bbox 255 1699 2536 1784; baseline 0.001 -21"><span class='ocrx_word' id='word_1_133' title='bbox 255 1708 415 1763; x_wconf 89' lang='lat' dir='ltr'><strong>tona</strong></span> <span class='ocrx_word' id='word_1_134' title='bbox 471 1720 553 1763; x_wconf 86' lang='lat' dir='ltr'><strong>ex</strong></span> <span class='ocrx_word' id='word_1_135' title='bbox 611 1699 966 1783; x_wconf 76' lang='lat' dir='ltr'><strong>aquilonali</strong></span> <span class='ocrx_word' id='word_1_136' title='bbox 1037 1706 1254 1784; x_wconf 86' lang='lat' dir='ltr'><strong>parte:</strong></span> <span class='ocrx_word' id='word_1_137' title='bbox 1328 1700 1765 1764; x_wconf 89' lang='lat' dir='ltr'><strong>Donationem</strong></span> <span class='ocrx_word' id='word_1_138' title='bbox 1809 1750 1823 1763; x_wconf 93' lang='lat'><strong>.</strong></span> <span class='ocrx_word' id='word_1_139' title='bbox 1870 1750 1884 1764; x_wconf 90' lang='lat'>.</span> <span class='ocrx_word' id='word_1_140' title='bbox 1930 1751 1943 1764; x_wconf 95' lang='lat'><strong><em>.</em></strong></span> <span class='ocrx_word' id='word_1_141' title='bbox 1992 1722 2153 1784; x_wconf 91' lang='lat' dir='ltr'><strong>quas</strong></span> <span class='ocrx_word' id='word_1_142' title='bbox 2197 1701 2244 1764; x_wconf 84' lang='lat' dir='ltr'>J</span> <span class='ocrx_word' id='word_1_143' title='bbox 2248 1700 2536 1767; x_wconf 86' lang='lat' dir='ltr'><strong>ohannes</strong></span> 
     </span>
     <span class='ocr_line' id='line_1_15' title="bbox 255 1785 2531 1854; baseline 0.001 -4"><span class='ocrx_word' id='word_1_144' title='bbox 255 1787 432 1850; x_wconf 88' lang='lat' dir='ltr'><strong>filius</strong></span> <span class='ocrx_word' id='word_1_145' title='bbox 461 1786 739 1851; x_wconf 88' lang='lat' dir='ltr'><strong>Walteri</strong></span> <span class='ocrx_word' id='word_1_146' title='bbox 768 1787 848 1850; x_wconf 91' lang='lat' dir='ltr'><strong>de</strong></span> <span class='ocrx_word' id='word_1_147' title='bbox 878 1787 1066 1850; x_wconf 86' lang='lat' dir='ltr'><strong>West</strong></span> <span class='ocrx_word' id='word_1_148' title='bbox 1097 1785 1487 1851; x_wconf 85' lang='lat' dir='ltr'><strong>Heslerton¹</strong></span> <span class='ocrx_word' id='word_1_149' title='bbox 1531 1837 1548 1854; x_wconf 88' lang='lat'><strong>.</strong></span> <span class='ocrx_word' id='word_1_150' title='bbox 1592 1836 1607 1852; x_wconf 93' lang='lat'><strong>.</strong></span> <span class='ocrx_word' id='word_1_151' title='bbox 1654 1838 1669 1851; x_wconf 91' lang='lat'>.</span> <span class='ocrx_word' id='word_1_152' title='bbox 1716 1787 1873 1851; x_wconf 88' lang='lat' dir='ltr'><strong>fecit</strong></span> <span class='ocrx_word' id='word_1_153' title='bbox 1900 1787 2043 1851; x_wconf 88' lang='lat' dir='ltr'><strong>Deo</strong></span> <span class='ocrx_word' id='word_1_154' title='bbox 2087 1836 2102 1852; x_wconf 93' lang='lat'><strong>.</strong></span> <span class='ocrx_word' id='word_1_155' title='bbox 2148 1836 2163 1853; x_wconf 92' lang='lat'><strong>.</strong></span> <span class='ocrx_word' id='word_1_156' title='bbox 2209 1837 2223 1851; x_wconf 92' lang='lat'>.</span> <span class='ocrx_word' id='word_1_157' title='bbox 2270 1788 2352 1853; x_wconf 90' lang='lat' dir='ltr'><strong>de</strong></span> <span class='ocrx_word' id='word_1_158' title='bbox 2373 1789 2531 1853; x_wconf 91' lang='lat' dir='ltr'><strong>dua-</strong></span> 
     </span>
     <span class='ocr_line' id='line_1_16' title="bbox 257 1872 2534 1958; baseline 0.001 -21"><span class='ocrx_word' id='word_1_159' title='bbox 257 1874 382 1937; x_wconf 84' lang='lat' dir='ltr'><strong>bus</strong></span> <span class='ocrx_word' id='word_1_160' title='bbox 425 1874 680 1937; x_wconf 88' lang='lat' dir='ltr'><strong>bovatis</strong></span> <span class='ocrx_word' id='word_1_161' title='bbox 709 1880 913 1949; x_wconf 71' lang='lat' dir='ltr'><strong>terrae,</strong></span> <span class='ocrx_word' id='word_1_162' title='bbox 944 1894 1093 1937; x_wconf 91' lang='lat' dir='ltr'><strong>cum</strong></span> <span class='ocrx_word' id='word_1_163' title='bbox 1137 1872 1573 1958; x_wconf 76' lang='lat' dir='ltr'><strong>pertinenciiS,</strong></span> <span class='ocrx_word' id='word_1_164' title='bbox 1604 1874 1674 1937; x_wconf 93' lang='lat' dir='ltr'><strong>in</strong></span> <span class='ocrx_word' id='word_1_165' title='bbox 1717 1874 1904 1938; x_wconf 84' lang='lat' dir='ltr'><strong>West</strong></span> <span class='ocrx_word' id='word_1_166' title='bbox 1933 1873 2341 1953; x_wconf 87' lang='lat' dir='ltr'><strong>Heslertona,</strong></span> <span class='ocrx_word' id='word_1_167' title='bbox 2385 1896 2534 1940; x_wconf 91' lang='lat' dir='ltr'><strong>cum</strong></span> 
     </span>
     <span class='ocr_line' id='line_1_17' title="bbox 257 1959 2535 2044; baseline 0.001 -19"><span class='ocrx_word' id='word_1_168' title='bbox 257 1960 462 2033; x_wconf 69' lang='lat' dir='ltr'><strong>tostis,</strong></span> <span class='ocrx_word' id='word_1_169' title='bbox 493 1960 730 2037; x_wconf 86' lang='lat' dir='ltr'><strong>croftis,</strong></span> <span class='ocrx_word' id='word_1_170' title='bbox 759 1961 1047 2043; x_wconf 89' lang='lat' dir='ltr'><strong>gardinis</strong></span> <span class='ocrx_word' id='word_1_171' title='bbox 1078 1967 1144 2024; x_wconf 86' lang='lat' dir='ltr'><strong>et</strong></span> <span class='ocrx_word' id='word_1_172' title='bbox 1174 1961 1474 2025; x_wconf 90' lang='lat' dir='ltr'><strong>omnibus</strong></span> <span class='ocrx_word' id='word_1_173' title='bbox 1503 1959 1651 2024; x_wconf 89' lang='lat' dir='ltr'><strong>aliis</strong></span> <span class='ocrx_word' id='word_1_174' title='bbox 1694 1961 2113 2044; x_wconf 81' lang='lat' dir='ltr'><strong>pertinenciis</strong></span> <span class='ocrx_word' id='word_1_175' title='bbox 2160 1962 2313 2037; x_wconf 88' lang='lat' dir='ltr'><strong>suis,</strong></span> <span class='ocrx_word' id='word_1_176' title='bbox 2343 1970 2411 2027; x_wconf 92' lang='lat' dir='ltr'><strong>et</strong></span> <span class='ocrx_word' id='word_1_177' title='bbox 2452 1962 2535 2028; x_wconf 90' lang='lat' dir='ltr'><strong>de</strong></span> 
     </span>
     <span class='ocr_line' id='line_1_18' title="bbox 259 2048 2535 2131; baseline 0.001 -20"><span class='ocrx_word' id='word_1_178' title='bbox 259 2048 548 2112; x_wconf 90' lang='lat' dir='ltr'><strong>dominio</strong></span> <span class='ocrx_word' id='word_1_179' title='bbox 578 2048 774 2111; x_wconf 90' lang='lat' dir='ltr'><strong>unius</strong></span> <span class='ocrx_word' id='word_1_180' title='bbox 797 2048 1048 2111; x_wconf 75' lang='lat' dir='ltr'><strong>bovatae</strong></span> <span class='ocrx_word' id='word_1_181' title='bbox 1069 2054 1253 2112; x_wconf 84' lang='lat' dir='ltr'><strong>terrae</strong></span> <span class='ocrx_word' id='word_1_182' title='bbox 1283 2067 1479 2131; x_wconf 89' lang='lat' dir='ltr'><strong>quam</strong></span> <span class='ocrx_word' id='word_1_183' title='bbox 1502 2048 1825 2112; x_wconf 87' lang='lat' dir='ltr'><strong>Dominus</strong></span> <span class='ocrx_word' id='word_1_184' title='bbox 1856 2049 2134 2113; x_wconf 86' lang='lat' dir='ltr'><strong>Thomas</strong></span> <span class='ocrx_word' id='word_1_185' title='bbox 2165 2049 2247 2113; x_wconf 91' lang='lat' dir='ltr'><strong>de</strong></span> <span class='ocrx_word' id='word_1_186' title='bbox 2276 2049 2535 2115; x_wconf 84' lang='lat' dir='ltr'><strong>Hesler-</strong></span> 
     </span>
     <span class='ocr_line' id='line_1_19' title="bbox 259 2133 2536 2218; baseline 0.001 -19"><span class='ocrx_word' id='word_1_187' title='bbox 259 2144 417 2199; x_wconf 89' lang='lat' dir='ltr'><strong>tona</strong></span> <span class='ocrx_word' id='word_1_188' title='bbox 445 2134 674 2199; x_wconf 86' lang='lat' dir='ltr'><strong>habuit</strong></span> <span class='ocrx_word' id='word_1_189' title='bbox 707 2154 788 2199; x_wconf 84' lang='lat' dir='ltr'><strong>ex</strong></span> <span class='ocrx_word' id='word_1_190' title='bbox 817 2134 1166 2198; x_wconf 81' lang='lat' dir='ltr'><strong>donatione</strong></span> <span class='ocrx_word' id='word_1_191' title='bbox 1195 2133 1488 2210; x_wconf 90' lang='lat' dir='ltr'><strong>Walteri,</strong></span> <span class='ocrx_word' id='word_1_192' title='bbox 1518 2135 1845 2217; x_wconf 87' lang='lat' dir='ltr'><strong>quondam</strong></span> <span class='ocrx_word' id='word_1_193' title='bbox 1875 2136 2081 2218; x_wconf 86' lang='lat' dir='ltr'><strong>patris</strong></span> <span class='ocrx_word' id='word_1_194' title='bbox 2125 2136 2269 2200; x_wconf 86' lang='lat' dir='ltr'><strong>sui:</strong></span> <span class='ocrx_word' id='word_1_195' title='bbox 2312 2137 2536 2201; x_wconf 87' lang='lat' dir='ltr'><strong>Dona-</strong></span> 
     </span>
     <span class='ocr_line' id='line_1_20' title="bbox 261 2221 2535 2305; baseline 0.002 -19"><span class='ocrx_word' id='word_1_196' title='bbox 261 2221 504 2287; x_wconf 87' lang='lat' dir='ltr'><strong>tionem</strong></span> <span class='ocrx_word' id='word_1_197' title='bbox 551 2271 566 2285; x_wconf 91' lang='lat'><strong>.</strong></span> <span class='ocrx_word' id='word_1_198' title='bbox 613 2271 627 2285; x_wconf 92' lang='lat'>.</span> <span class='ocrx_word' id='word_1_199' title='bbox 673 2272 688 2285; x_wconf 91' lang='lat'>.</span> <span class='ocrx_word' id='word_1_200' title='bbox 737 2242 899 2305; x_wconf 90' lang='lat' dir='ltr'><strong>quas</strong></span> <span class='ocrx_word' id='word_1_201' title='bbox 942 2223 989 2286; x_wconf 84' lang='lat' dir='ltr'>J</span> <span class='ocrx_word' id='word_1_202' title='bbox 992 2222 1278 2285; x_wconf 89' lang='lat' dir='ltr'><strong>ohannes</strong></span> <span class='ocrx_word' id='word_1_203' title='bbox 1325 2222 1608 2305; x_wconf 87' lang='lat' dir='ltr'><strong>Ingram,</strong></span> <span class='ocrx_word' id='word_1_204' title='bbox 1666 2222 1989 2286; x_wconf 87' lang='lat' dir='ltr'><strong>Dominus</strong></span> <span class='ocrx_word' id='word_1_205' title='bbox 2049 2223 2129 2286; x_wconf 91' lang='lat' dir='ltr'><strong>de</strong></span> <span class='ocrx_word' id='word_1_206' title='bbox 2186 2222 2353 2287; x_wconf 87' lang='lat' dir='ltr'><strong>Dale</strong></span> <span class='ocrx_word' id='word_1_207' title='bbox 2396 2274 2411 2289; x_wconf 89' lang='lat'><strong>.</strong></span> <span class='ocrx_word' id='word_1_208' title='bbox 2460 2274 2473 2289; x_wconf 96' lang='lat'><strong>.</strong></span> <span class='ocrx_word' id='word_1_209' title='bbox 2522 2274 2535 2289; x_wconf 93' lang='lat'><strong>.</strong></span> 
     </span>
     <span class='ocr_line' id='line_1_21' title="bbox 258 2307 2533 2375; baseline 0.001 -2"><span class='ocrx_word' id='word_1_210' title='bbox 258 2308 416 2373; x_wconf 86' lang='lat' dir='ltr'><strong>fecit</strong></span> <span class='ocrx_word' id='word_1_211' title='bbox 444 2309 586 2372; x_wconf 89' lang='lat' dir='ltr'><strong>Deo</strong></span> <span class='ocrx_word' id='word_1_212' title='bbox 633 2358 646 2373; x_wconf 92' lang='lat'><strong>.</strong></span> <span class='ocrx_word' id='word_1_213' title='bbox 695 2358 709 2373; x_wconf 94' lang='lat'><strong>.</strong></span> <span class='ocrx_word' id='word_1_214' title='bbox 757 2358 770 2371; x_wconf 90' lang='lat'><strong>.</strong></span> <span class='ocrx_word' id='word_1_215' title='bbox 818 2308 899 2372; x_wconf 91' lang='grc'><strong>(16</strong></span> <span class='ocrx_word' id='word_1_216' title='bbox 928 2308 1131 2372; x_wconf 90' lang='lat' dir='ltr'><strong>libero</strong></span> <span class='ocrx_word' id='word_1_217' title='bbox 1160 2308 1445 2372; x_wconf 88' lang='lat' dir='ltr'><strong>chimino</strong></span> <span class='ocrx_word' id='word_1_218' title='bbox 1476 2316 1543 2372; x_wconf 87' lang='lat' dir='ltr'><strong>et</strong></span> <span class='ocrx_word' id='word_1_219' title='bbox 1572 2309 1855 2372; x_wconf 87' lang='lat' dir='ltr'><strong>transitu</strong></span> <span class='ocrx_word' id='word_1_220' title='bbox 1900 2308 2026 2372; x_wconf 88' lang='lat' dir='ltr'><strong>sibi</strong></span> <span class='ocrx_word' id='word_1_221' title='bbox 2054 2316 2121 2373; x_wconf 84' lang='lat' dir='ltr'><strong>et</strong></span> <span class='ocrx_word' id='word_1_222' title='bbox 2160 2307 2533 2375; x_wconf 87' lang='lat' dir='ltr'><strong>hominibus</strong></span> 
     </span>
     <span class='ocr_line' id='line_1_22' title="bbox 256 2395 2534 2479; baseline 0.001 -20"><span class='ocrx_word' id='word_1_223' title='bbox 256 2401 328 2460; x_wconf 87' lang='lat' dir='ltr'><strong>et</strong></span> <span class='ocrx_word' id='word_1_224' title='bbox 349 2395 738 2459; x_wconf 88' lang='lat' dir='ltr'><strong>animalibus</strong></span> <span class='ocrx_word' id='word_1_225' title='bbox 761 2402 828 2458; x_wconf 88' lang='lat' dir='ltr'><strong>et</strong></span> <span class='ocrx_word' id='word_1_226' title='bbox 843 2396 1134 2479; x_wconf 86' lang='lat' dir='ltr'><strong>cariagiis</strong></span> <span class='ocrx_word' id='word_1_227' title='bbox 1157 2395 1292 2459; x_wconf 86' lang='lat' dir='ltr'><strong>suis</strong></span> <span class='ocrx_word' id='word_1_228' title='bbox 1316 2415 1398 2459; x_wconf 84' lang='lat' dir='ltr'><strong>ex</strong></span> <span class='ocrx_word' id='word_1_229' title='bbox 1418 2395 1767 2459; x_wconf 88' lang='lat' dir='ltr'><strong>latitudine</strong></span> <span class='ocrx_word' id='word_1_230' title='bbox 1789 2396 2149 2461; x_wconf 90' lang='lat' dir='ltr'><strong>communis</strong></span> <span class='ocrx_word' id='word_1_231' title='bbox 2172 2397 2431 2479; x_wconf 79' lang='lat' dir='ltr'><strong>perticae</strong></span> <span class='ocrx_word' id='word_1_232' title='bbox 2453 2398 2534 2462; x_wconf 90' lang='lat' dir='ltr'><strong>de</strong></span> 
     </span>
     <span class='ocr_line' id='line_1_23' title="bbox 261 2482 2534 2565; baseline 0.001 -18"><span class='ocrx_word' id='word_1_233' title='bbox 261 2483 434 2547; x_wconf 88' lang='lat' dir='ltr'><strong>Hest</strong></span> <span class='ocrx_word' id='word_1_234' title='bbox 462 2482 814 2546; x_wconf 86' lang='lat' dir='ltr'><strong>Heslerton</strong></span> <span class='ocrx_word' id='word_1_235' title='bbox 843 2483 1012 2546; x_wconf 88' lang='lat' dir='ltr'><strong>sicut</strong></span> <span class='ocrx_word' id='word_1_236' title='bbox 1043 2483 1406 2565; x_wconf 88' lang='lat' dir='ltr'><strong>antiquitus</strong></span> <span class='ocrx_word' id='word_1_237' title='bbox 1436 2482 1536 2545; x_wconf 88' lang='lat' dir='ltr'><strong>uti</strong></span> <span class='ocrx_word' id='word_1_238' title='bbox 1581 2482 1911 2546; x_wconf 88' lang='lat' dir='ltr'><strong>solebant:</strong></span> <span class='ocrx_word' id='word_1_239' title='bbox 1956 2483 2395 2547; x_wconf 87' lang='lat' dir='ltr'><strong>Donationem</strong></span> <span class='ocrx_word' id='word_1_240' title='bbox 2426 2533 2442 2550; x_wconf 88' lang='lat'><strong>.</strong></span> <span class='ocrx_word' id='word_1_241' title='bbox 2474 2534 2486 2549; x_wconf 92' lang='lat'><strong>.</strong></span> <span class='ocrx_word' id='word_1_242' title='bbox 2519 2535 2534 2550; x_wconf 91' lang='lat'><strong>.</strong></span> 
     </span>
     <span class='ocr_line' id='line_1_24' title="bbox 259 2568 2537 2656; baseline 0.001 -24"><span class='ocrx_word' id='word_1_243' title='bbox 259 2590 424 2653; x_wconf 85' lang='lat' dir='ltr'><strong>quas</strong></span> <span class='ocrx_word' id='word_1_244' title='bbox 451 2569 649 2635; x_wconf 87' lang='lat' dir='ltr'><strong>wido</strong></span> <span class='ocrx_word' id='word_1_245' title='bbox 678 2570 760 2633; x_wconf 91' lang='lat' dir='ltr'><strong>de</strong></span> <span class='ocrx_word' id='word_1_246' title='bbox 789 2568 1146 2633; x_wconf 84' lang='lat' dir='ltr'><strong>Walwerth</strong></span> <span class='ocrx_word' id='word_1_247' title='bbox 1176 2576 1242 2633; x_wconf 91' lang='lat' dir='ltr'><strong>et</strong></span> <span class='ocrx_word' id='word_1_248' title='bbox 1271 2570 1559 2652; x_wconf 85' lang='lat' dir='ltr'><strong>Rogerus</strong></span> <span class='ocrx_word' id='word_1_249' title='bbox 1603 2569 1775 2633; x_wconf 77' lang='lat' dir='ltr'><strong>filius</strong></span> <span class='ocrx_word' id='word_1_250' title='bbox 1819 2569 2082 2633; x_wconf 88' lang='lat' dir='ltr'><strong>Ricardi</strong></span> <span class='ocrx_word' id='word_1_251' title='bbox 2126 2570 2206 2633; x_wconf 88' lang='lat' dir='ltr'><strong>de</strong></span> <span class='ocrx_word' id='word_1_252' title='bbox 2251 2569 2537 2656; x_wconf 80' lang='lat' dir='ltr'><strong>Sifning-</strong></span> 
     </span>
     <span class='ocr_line' id='line_1_25' title="bbox 258 2655 2540 2743; baseline 0.001 -23"><span class='ocrx_word' id='word_1_253' title='bbox 258 2657 432 2743; x_wconf 88' lang='lat' dir='ltr'><strong>t[on]</strong></span> <span class='ocrx_word' id='word_1_254' title='bbox 487 2706 502 2721; x_wconf 91' lang='lat'><strong>.</strong></span> <span class='ocrx_word' id='word_1_255' title='bbox 548 2706 565 2721; x_wconf 91' lang='lat'>.</span> <span class='ocrx_word' id='word_1_256' title='bbox 609 2706 625 2722; x_wconf 93' lang='lat'>.</span> <span class='ocrx_word' id='word_1_257' title='bbox 692 2656 984 2721; x_wconf 89' lang='lat' dir='ltr'><strong>fecerunt</strong></span> <span class='ocrx_word' id='word_1_258' title='bbox 1034 2656 1176 2720; x_wconf 91' lang='lat' dir='ltr'><strong>Deo</strong></span> <span class='ocrx_word' id='word_1_259' title='bbox 1220 2705 1234 2719; x_wconf 92' lang='lat'>.</span> <span class='ocrx_word' id='word_1_260' title='bbox 1281 2706 1296 2721; x_wconf 92' lang='lat'><strong>.</strong></span> <span class='ocrx_word' id='word_1_261' title='bbox 1342 2705 1356 2720; x_wconf 94' lang='lat'><strong>.</strong></span> <span class='ocrx_word' id='word_1_262' title='bbox 1403 2655 1484 2719; x_wconf 89' lang='lat' dir='ltr'><strong>de</strong></span> <span class='ocrx_word' id='word_1_263' title='bbox 1537 2656 1807 2719; x_wconf 88' lang='lat' dir='ltr'><strong>dimidia</strong></span> <span class='ocrx_word' id='word_1_264' title='bbox 1858 2676 2005 2719; x_wconf 89' lang='lat' dir='ltr'><strong>acra</strong></span> <span class='ocrx_word' id='word_1_265' title='bbox 2064 2662 2131 2720; x_wconf 86' lang='lat' dir='ltr'><strong>et</strong></span> <span class='ocrx_word' id='word_1_266' title='bbox 2189 2657 2425 2741; x_wconf 85' lang='lat' dir='ltr'><strong>viginti</strong></span> <span class='ocrx_word' id='word_1_267' title='bbox 2470 2666 2540 2723; x_wconf 87' lang='lat' dir='ltr'><strong>et</strong></span> 
     </span>
     <span class='ocr_line' id='line_1_26' title="bbox 261 2742 2539 2828; baseline 0.001 -21"><span class='ocrx_word' id='word_1_268' title='bbox 261 2744 516 2808; x_wconf 90' lang='lat' dir='ltr'><strong>duabus</strong></span> <span class='ocrx_word' id='word_1_269' title='bbox 543 2743 877 2828; x_wconf 86' lang='lat' dir='ltr'><strong>perticatis</strong></span> <span class='ocrx_word' id='word_1_270' title='bbox 899 2749 1102 2817; x_wconf 76' lang='lat' dir='ltr'><strong>terrae,</strong></span> <span class='ocrx_word' id='word_1_271' title='bbox 1122 2764 1269 2806; x_wconf 90' lang='lat' dir='ltr'><strong>cum</strong></span> <span class='ocrx_word' id='word_1_272' title='bbox 1299 2744 1737 2827; x_wconf 87' lang='lat' dir='ltr'><strong>pertinenciis,</strong></span> <span class='ocrx_word' id='word_1_273' title='bbox 1760 2744 1831 2806; x_wconf 93' lang='lat' dir='ltr'><strong>in</strong></span> <span class='ocrx_word' id='word_1_274' title='bbox 1853 2742 2282 2809; x_wconf 86' lang='lat' dir='ltr'><strong>Heslertona:</strong></span> <span class='ocrx_word' id='word_1_275' title='bbox 2324 2744 2539 2809; x_wconf 88' lang='lat' dir='ltr'><strong>Dona-</strong></span> 
     </span>
     <span class='ocr_line' id='line_1_27' title="bbox 260 2829 2536 2913; baseline 0.002 -20"><span class='ocrx_word' id='word_1_276' title='bbox 260 2830 509 2895; x_wconf 88' lang='lat' dir='ltr'><strong>tionem</strong></span> <span class='ocrx_word' id='word_1_277' title='bbox 553 2880 568 2895; x_wconf 91' lang='lat'><strong>.</strong></span> <span class='ocrx_word' id='word_1_278' title='bbox 615 2880 630 2894; x_wconf 92' lang='lat'>.</span> <span class='ocrx_word' id='word_1_279' title='bbox 678 2879 689 2893; x_wconf 91' lang='lat'><em>.</em></span> <span class='ocrx_word' id='word_1_280' title='bbox 737 2850 899 2913; x_wconf 87' lang='lat' dir='ltr'><strong>quas</strong></span> <span class='ocrx_word' id='word_1_281' title='bbox 973 2830 1288 2905; x_wconf 85' lang='lat' dir='ltr'><strong>Eufemia,</strong></span> <span class='ocrx_word' id='word_1_282' title='bbox 1349 2829 1677 2913; x_wconf 89' lang='lat' dir='ltr'><strong>quondam</strong></span> <span class='ocrx_word' id='word_1_283' title='bbox 1750 2850 1915 2893; x_wconf 84' lang='lat' dir='ltr'><strong>uxor</strong></span> <span class='ocrx_word' id='word_1_284' title='bbox 1972 2830 2136 2894; x_wconf 83' lang='lat' dir='ltr'><strong>Eliae</strong></span> <span class='ocrx_word' id='word_1_285' title='bbox 2195 2830 2275 2895; x_wconf 93' lang='lat' dir='ltr'><strong>de</strong></span> <span class='ocrx_word' id='word_1_286' title='bbox 2350 2832 2536 2897; x_wconf 88' lang='lat' dir='ltr'><strong>West</strong></span> 
     </span>
     <span class='ocr_line' id='line_1_28' title="bbox 261 2916 2535 3001; baseline 0.001 -19"><span class='ocrx_word' id='word_1_287' title='bbox 261 2918 710 2998; x_wconf 87' lang='lat' dir='ltr'><strong>Heselertona,</strong></span> <span class='ocrx_word' id='word_1_288' title='bbox 743 2938 858 3001; x_wconf 88' lang='lat' dir='ltr'><strong>per</strong></span> <span class='ocrx_word' id='word_1_289' title='bbox 889 2924 1132 2981; x_wconf 86' lang='lat' dir='ltr'><strong>cartam</strong></span> <span class='ocrx_word' id='word_1_290' title='bbox 1161 2936 1346 2980; x_wconf 87' lang='lat' dir='ltr'><strong>suam</strong></span> <span class='ocrx_word' id='word_1_291' title='bbox 1375 2917 1533 2980; x_wconf 81' lang='lat' dir='ltr'><strong>fecit</strong></span> <span class='ocrx_word' id='word_1_292' title='bbox 1576 2917 1718 2981; x_wconf 92' lang='lat' dir='ltr'><strong>Deo</strong></span> <span class='ocrx_word' id='word_1_293' title='bbox 1746 2966 1762 2982; x_wconf 92' lang='lat'>.</span> <span class='ocrx_word' id='word_1_294' title='bbox 1794 2966 1808 2981; x_wconf 94' lang='lat'><strong>.</strong></span> <span class='ocrx_word' id='word_1_295' title='bbox 1840 2966 1855 2981; x_wconf 92' lang='lat'><strong>.</strong></span> <span class='ocrx_word' id='word_1_296' title='bbox 1888 2916 1970 2981; x_wconf 91' lang='lat' dir='ltr'><strong>de</strong></span> <span class='ocrx_word' id='word_1_297' title='bbox 2000 2917 2250 2982; x_wconf 88' lang='lat' dir='ltr'><strong>duabus</strong></span> <span class='ocrx_word' id='word_1_298' title='bbox 2280 2917 2535 2984; x_wconf 84' lang='lat' dir='ltr'><strong>bovatis</strong></span> 
     </span>
     <span class='ocr_line' id='line_1_29' title="bbox 259 3003 2537 3087; baseline 0.001 -18"><span class='ocrx_word' id='word_1_299' title='bbox 259 3011 468 3080; x_wconf 78' lang='lat' dir='ltr'><strong>terrae,</strong></span> <span class='ocrx_word' id='word_1_300' title='bbox 497 3025 648 3069; x_wconf 91' lang='lat' dir='ltr'><strong>cum</strong></span> <span class='ocrx_word' id='word_1_301' title='bbox 679 3004 945 3087; x_wconf 87' lang='lat' dir='ltr'><strong>capitali</strong></span> <span class='ocrx_word' id='word_1_302' title='bbox 972 3004 1317 3087; x_wconf 84' lang='lat' dir='ltr'><strong>mesuagiO,</strong></span> <span class='ocrx_word' id='word_1_303' title='bbox 1347 3012 1414 3067; x_wconf 92' lang='lat' dir='ltr'><strong>et</strong></span> <span class='ocrx_word' id='word_1_304' title='bbox 1444 3023 1592 3067; x_wconf 87' lang='lat' dir='ltr'><strong>cum</strong></span> <span class='ocrx_word' id='word_1_305' title='bbox 1622 3003 1921 3068; x_wconf 89' lang='lat' dir='ltr'><strong>omnibus</strong></span> <span class='ocrx_word' id='word_1_306' title='bbox 1952 3004 2370 3087; x_wconf 88' lang='lat' dir='ltr'><strong>pertinenciis</strong></span> <span class='ocrx_word' id='word_1_307' title='bbox 2402 3006 2537 3071; x_wconf 86' lang='lat' dir='ltr'><strong>suis</strong></span> 
     </span>
     <span class='ocr_line' id='line_1_30' title="bbox 261 3090 2539 3174; baseline 0 -18"><span class='ocrx_word' id='word_1_308' title='bbox 261 3093 337 3156; x_wconf 92' lang='lat' dir='ltr'><strong>in</strong></span> <span class='ocrx_word' id='word_1_309' title='bbox 383 3092 574 3157; x_wconf 88' lang='lat' dir='ltr'><strong>West</strong></span> <span class='ocrx_word' id='word_1_310' title='bbox 625 3091 1087 3155; x_wconf 84' lang='lat' dir='ltr'><strong>Heselertona:</strong></span> <span class='ocrx_word' id='word_1_311' title='bbox 1151 3090 1590 3154; x_wconf 87' lang='lat' dir='ltr'><strong>Donationem</strong></span> <span class='ocrx_word' id='word_1_312' title='bbox 1634 3140 1649 3154; x_wconf 92' lang='lat'>.</span> <span class='ocrx_word' id='word_1_313' title='bbox 1697 3139 1712 3154; x_wconf 91' lang='lat'><strong>.</strong></span> <span class='ocrx_word' id='word_1_314' title='bbox 1758 3140 1773 3155; x_wconf 91' lang='lat'><strong>.</strong></span> <span class='ocrx_word' id='word_1_315' title='bbox 1821 3110 1981 3174; x_wconf 87' lang='lat' dir='ltr'><strong>quas</strong></span> <span class='ocrx_word' id='word_1_316' title='bbox 2012 3092 2333 3157; x_wconf 86' lang='lat' dir='ltr'><strong>Robertus</strong></span> <span class='ocrx_word' id='word_1_317' title='bbox 2362 3093 2539 3157; x_wconf 88' lang='lat' dir='ltr'><strong>filius</strong></span> 
     </span>
     <span class='ocr_line' id='line_1_31' title="bbox 261 3176 2537 3262; baseline 0.001 -20"><span class='ocrx_word' id='word_1_318' title='bbox 261 3178 453 3244; x_wconf 86' lang='lat' dir='ltr'><strong>Teste</strong></span> <span class='ocrx_word' id='word_1_319' title='bbox 470 3177 498 3215; x_wconf 77' lang='lat'>²</span> <span class='ocrx_word' id='word_1_320' title='bbox 525 3178 606 3243; x_wconf 92' lang='lat' dir='ltr'><strong>de</strong></span> <span class='ocrx_word' id='word_1_321' title='bbox 635 3178 757 3242; x_wconf 85' lang='lat' dir='ltr'><strong>Est</strong></span> <span class='ocrx_word' id='word_1_322' title='bbox 785 3176 1176 3242; x_wconf 86' lang='lat' dir='ltr'><strong>Heslertona</strong></span> <span class='ocrx_word' id='word_1_323' title='bbox 1220 3228 1234 3241; x_wconf 94' lang='lat'>.</span> <span class='ocrx_word' id='word_1_324' title='bbox 1281 3226 1295 3241; x_wconf 90' lang='lat'><strong>.</strong></span> <span class='ocrx_word' id='word_1_325' title='bbox 1342 3228 1356 3241; x_wconf 93' lang='lat'><strong>.</strong></span> <span class='ocrx_word' id='word_1_326' title='bbox 1403 3177 1561 3241; x_wconf 81' lang='lat' dir='ltr'><strong>fecit</strong></span> <span class='ocrx_word' id='word_1_327' title='bbox 1586 3178 1731 3241; x_wconf 91' lang='lat' dir='ltr'><strong>Deo</strong></span> <span class='ocrx_word' id='word_1_328' title='bbox 1761 3185 1827 3241; x_wconf 84' lang='lat' dir='ltr'><strong>et.</strong></span> <span class='ocrx_word' id='word_1_329' title='bbox 1856 3179 2188 3243; x_wconf 83' lang='lat' dir='ltr'><strong>monachis</strong></span> <span class='ocrx_word' id='word_1_330' title='bbox 2211 3180 2537 3262; x_wconf 86' lang='lat' dir='ltr'><strong>praedictis</strong></span> 
     </span>
     <span class='ocr_line' id='line_1_32' title="bbox 259 3264 2541 3348; baseline 0.001 -19"><span class='ocrx_word' id='word_1_331' title='bbox 259 3265 346 3330; x_wconf 92' lang='lat' dir='ltr'><strong>de</strong></span> <span class='ocrx_word' id='word_1_332' title='bbox 375 3266 586 3330; x_wconf 87' lang='lat' dir='ltr'><strong>tribus</strong></span> <span class='ocrx_word' id='word_1_333' title='bbox 607 3266 772 3329; x_wconf 88' lang='lat' dir='ltr'><strong>acris</strong></span> <span class='ocrx_word' id='word_1_334' title='bbox 801 3272 1005 3341; x_wconf 76' lang='lat' dir='ltr'><strong>terrae,</strong></span> <span class='ocrx_word' id='word_1_335' title='bbox 1034 3286 1182 3329; x_wconf 91' lang='lat' dir='ltr'><strong>cum</strong></span> <span class='ocrx_word' id='word_1_336' title='bbox 1213 3264 1648 3348; x_wconf 88' lang='lat' dir='ltr'><strong>pertinenciis,</strong></span> <span class='ocrx_word' id='word_1_337' title='bbox 1677 3264 1747 3327; x_wconf 91' lang='lat' dir='ltr'><strong>in</strong></span> <span class='ocrx_word' id='word_1_338' title='bbox 1778 3264 1898 3328; x_wconf 87' lang='lat' dir='ltr'><strong>Est</strong></span> <span class='ocrx_word' id='word_1_339' title='bbox 1926 3264 2334 3343; x_wconf 87' lang='lat' dir='ltr'><strong>Heslertona‚</strong></span> <span class='ocrx_word' id='word_1_340' title='bbox 2362 3274 2431 3331; x_wconf 89' lang='lat' dir='ltr'><strong>et</strong></span> <span class='ocrx_word' id='word_1_341' title='bbox 2460 3267 2541 3331; x_wconf 91' lang='lat' dir='ltr'><strong>de</strong></span> 
     </span>
     <span class='ocr_line' id='line_1_33' title="bbox 263 3352 2541 3436; baseline 0 -19"><span class='ocrx_word' id='word_1_342' title='bbox 263 3352 594 3417; x_wconf 88' lang='lat' dir='ltr'><strong>communi</strong></span> <span class='ocrx_word' id='word_1_343' title='bbox 622 3358 886 3436; x_wconf 88' lang='lat' dir='ltr'><strong>pastura</strong></span> <span class='ocrx_word' id='word_1_344' title='bbox 915 3352 998 3416; x_wconf 89' lang='lat' dir='ltr'><strong>ad</strong></span> <span class='ocrx_word' id='word_1_345' title='bbox 1027 3360 1307 3436; x_wconf 90' lang='lat' dir='ltr'><strong>quatuor</strong></span> <span class='ocrx_word' id='word_1_346' title='bbox 1333 3371 1532 3434; x_wconf 87' lang='lat' dir='ltr'><strong>equos</strong></span> <span class='ocrx_word' id='word_1_347' title='bbox 1558 3359 1623 3415; x_wconf 91' lang='lat' dir='ltr'><strong>et</strong></span> <span class='ocrx_word' id='word_1_348' title='bbox 1640 3359 1917 3435; x_wconf 86' lang='lat' dir='ltr'><strong>quatuor</strong></span> <span class='ocrx_word' id='word_1_349' title='bbox 1932 3372 2177 3428; x_wconf 84' lang='lat' dir='ltr'><strong>vaccas,</strong></span> <span class='ocrx_word' id='word_1_350' title='bbox 2194 3374 2340 3417; x_wconf 89' lang='lat' dir='ltr'><strong>cum</strong></span> <span class='ocrx_word' id='word_1_351' title='bbox 2366 3363 2541 3418; x_wconf 87' lang='lat' dir='ltr'><strong>secta</strong></span> 
     </span>
     <span class='ocr_line' id='line_1_34' title="bbox 263 3438 2541 3523; baseline 0 -20"><span class='ocrx_word' id='word_1_352' title='bbox 263 3460 386 3504; x_wconf 89' lang='lat' dir='ltr'><strong>sua</strong></span> <span class='ocrx_word' id='word_1_353' title='bbox 403 3439 678 3503; x_wconf 87' lang='lat' dir='ltr'><strong>duorum</strong></span> <span class='ocrx_word' id='word_1_354' title='bbox 701 3460 1034 3516; x_wconf 87' lang='lat' dir='ltr'><strong>annorum,</strong></span> <span class='ocrx_word' id='word_1_355' title='bbox 1050 3440 1121 3502; x_wconf 91' lang='lat' dir='ltr'><strong>in</strong></span> <span class='ocrx_word' id='word_1_356' title='bbox 1139 3439 1457 3503; x_wconf 86' lang='lat' dir='ltr'><strong>territorio</strong></span> <span class='ocrx_word' id='word_1_357' title='bbox 1482 3438 1771 3523; x_wconf 89' lang='lat' dir='ltr'><strong>ejusdem</strong></span> <span class='ocrx_word' id='word_1_358' title='bbox 1793 3439 1985 3515; x_wconf 82' lang='lat' dir='ltr'><strong>villae,</strong></span> <span class='ocrx_word' id='word_1_359' title='bbox 2009 3446 2075 3503; x_wconf 90' lang='lat' dir='ltr'><strong>et</strong></span> <span class='ocrx_word' id='word_1_360' title='bbox 2095 3438 2176 3503; x_wconf 90' lang='lat' dir='ltr'><strong>de</strong></span> <span class='ocrx_word' id='word_1_361' title='bbox 2207 3439 2409 3504; x_wconf 90' lang='lat' dir='ltr'><strong>libero</strong></span> <span class='ocrx_word' id='word_1_362' title='bbox 2438 3441 2541 3504; x_wconf 89' lang='lat' dir='ltr'><strong>in-</strong></span> 
     </span>
     <span class='ocr_line' id='line_1_35' title="bbox 264 3524 2544 3611; baseline 0 -20"><span class='ocrx_word' id='word_1_363' title='bbox 264 3547 490 3611; x_wconf 87' lang='lat' dir='ltr'><strong>gressu</strong></span> <span class='ocrx_word' id='word_1_364' title='bbox 507 3533 575 3591; x_wconf 88' lang='lat' dir='ltr'><strong>et</strong></span> <span class='ocrx_word' id='word_1_365' title='bbox 591 3526 794 3590; x_wconf 87' lang='lat' dir='ltr'><strong>libero</strong></span> <span class='ocrx_word' id='word_1_366' title='bbox 814 3546 1072 3610; x_wconf 86' lang='lat' dir='ltr'><strong>egressu</strong></span> <span class='ocrx_word' id='word_1_367' title='bbox 1092 3526 1172 3589; x_wconf 90' lang='lat' dir='ltr'><strong>ad</strong></span> <span class='ocrx_word' id='word_1_368' title='bbox 1192 3526 1543 3591; x_wconf 83' lang='lat' dir='ltr'><strong>bercariam</strong></span> <span class='ocrx_word' id='word_1_369' title='bbox 1562 3526 1899 3602; x_wconf 87' lang='lat' dir='ltr'><strong>suam,sibi</strong></span> <span class='ocrx_word' id='word_1_370' title='bbox 1916 3534 1983 3590; x_wconf 88' lang='lat' dir='ltr'><strong>et</strong></span> <span class='ocrx_word' id='word_1_371' title='bbox 2002 3524 2371 3590; x_wconf 86' lang='lat' dir='ltr'><strong>hominibus</strong></span> <span class='ocrx_word' id='word_1_372' title='bbox 2389 3527 2544 3603; x_wconf 88' lang='lat' dir='ltr'><strong>suis,</strong></span> 
     </span>
     <span class='ocr_line' id='line_1_36' title="bbox 265 3612 2539 3697; baseline 0 -19"><span class='ocrx_word' id='word_1_373' title='bbox 265 3620 336 3678; x_wconf 86' lang='lat' dir='ltr'><strong>et</strong></span> <span class='ocrx_word' id='word_1_374' title='bbox 364 3613 699 3697; x_wconf 88' lang='lat' dir='ltr'><strong>pecoribus</strong></span> <span class='ocrx_word' id='word_1_375' title='bbox 745 3620 812 3677; x_wconf 86' lang='lat' dir='ltr'><strong>et</strong></span> <span class='ocrx_word' id='word_1_376' title='bbox 841 3612 1230 3677; x_wconf 86' lang='lat' dir='ltr'><strong>animalibus</strong></span> <span class='ocrx_word' id='word_1_377' title='bbox 1276 3621 1344 3677; x_wconf 88' lang='lat' dir='ltr'><strong>et</strong></span> <span class='ocrx_word' id='word_1_378' title='bbox 1387 3612 1681 3697; x_wconf 84' lang='lat' dir='ltr'><strong>cariagiis</strong></span> <span class='ocrx_word' id='word_1_379' title='bbox 1726 3620 1791 3676; x_wconf 87' lang='lat' dir='ltr'><strong>et</strong></span> <span class='ocrx_word' id='word_1_380' title='bbox 1836 3614 2211 3696; x_wconf 87' lang='lat' dir='ltr'><strong>summagiis</strong></span> <span class='ocrx_word' id='word_1_381' title='bbox 2240 3613 2393 3690; x_wconf 77' lang='lat' dir='ltr'><strong>suia,</strong></span> <span class='ocrx_word' id='word_1_382' title='bbox 2422 3634 2539 3697; x_wconf 89' lang='lat' dir='ltr'><strong>per</strong></span> 
     </span>
     <span class='ocr_line' id='line_1_37' title="bbox 263 3699 2538 3783; baseline 0 -20"><span class='ocrx_word' id='word_1_383' title='bbox 263 3707 480 3764; x_wconf 84' lang='lat' dir='ltr'><strong>totum</strong></span> <span class='ocrx_word' id='word_1_384' title='bbox 510 3700 906 3764; x_wconf 87' lang='lat' dir='ltr'><strong>territorium</strong></span> <span class='ocrx_word' id='word_1_385' title='bbox 936 3701 1016 3764; x_wconf 90' lang='lat' dir='ltr'><strong>de</strong></span> <span class='ocrx_word' id='word_1_386' title='bbox 1045 3700 1166 3764; x_wconf 85' lang='lat' dir='ltr'><strong>Est</strong></span> <span class='ocrx_word' id='word_1_387' title='bbox 1196 3700 1604 3774; x_wconf 88' lang='lat' dir='ltr'><strong>Heslertona,</strong></span> <span class='ocrx_word' id='word_1_388' title='bbox 1634 3700 1921 3782; x_wconf 85' lang='lat' dir='ltr'><strong>exceptis</strong></span> <span class='ocrx_word' id='word_1_389' title='bbox 1954 3699 2161 3763; x_wconf 90' lang='lat' dir='ltr'><strong>bladis</strong></span> <span class='ocrx_word' id='word_1_390' title='bbox 2190 3707 2258 3764; x_wconf 89' lang='lat' dir='ltr'><strong>et</strong></span> <span class='ocrx_word' id='word_1_391' title='bbox 2300 3702 2538 3783; x_wconf 86' lang='lat' dir='ltr'><strong>pratis:</strong></span> 
     </span>
     <span class='ocr_line' id='line_1_38' title="bbox 263 3786 2540 3870; baseline 0 -19"><span class='ocrx_word' id='word_1_392' title='bbox 263 3786 700 3851; x_wconf 86' lang='lat' dir='ltr'><strong>Donationem</strong></span> <span class='ocrx_word' id='word_1_393' title='bbox 743 3836 757 3851; x_wconf 93' lang='lat'><em>.</em></span> <span class='ocrx_word' id='word_1_394' title='bbox 804 3837 819 3850; x_wconf 93' lang='lat'><strong>.</strong></span> <span class='ocrx_word' id='word_1_395' title='bbox 865 3836 880 3851; x_wconf 92' lang='lat'><strong>.</strong></span> <span class='ocrx_word' id='word_1_396' title='bbox 929 3808 1088 3870; x_wconf 83' lang='lat' dir='ltr'><strong>quas</strong></span> <span class='ocrx_word' id='word_1_397' title='bbox 1117 3787 1396 3851; x_wconf 82' lang='lat' dir='ltr'><strong>Thomas</strong></span> <span class='ocrx_word' id='word_1_398' title='bbox 1414 3788 1492 3850; x_wconf 88' lang='lat' dir='ltr'><strong>de</strong></span> <span class='ocrx_word' id='word_1_399' title='bbox 1519 3786 1923 3863; x_wconf 87' lang='lat' dir='ltr'><strong>Heslertona‚</strong></span> <span class='ocrx_word' id='word_1_400' title='bbox 1952 3786 2157 3863; x_wconf 85' lang='lat' dir='ltr'><strong>miles,</strong></span> <span class='ocrx_word' id='word_1_401' title='bbox 2202 3835 2219 3851; x_wconf 90' lang='lat'><strong>.</strong></span> <span class='ocrx_word' id='word_1_402' title='bbox 2261 3836 2277 3852; x_wconf 91' lang='lat'><strong>.</strong></span> <span class='ocrx_word' id='word_1_403' title='bbox 2323 3837 2337 3851; x_wconf 93' lang='lat'>.</span> <span class='ocrx_word' id='word_1_404' title='bbox 2384 3789 2540 3852; x_wconf 87' lang='lat' dir='ltr'><strong>fecit</strong></span> 
     </span>
     <span class='ocr_line' id='line_1_39' title="bbox 269 3872 2539 3957; baseline 0 -19"><span class='ocrx_word' id='word_1_405' title='bbox 269 3873 516 3939; x_wconf 88' lang='lat' dir='ltr'><strong>Abbati</strong></span> <span class='ocrx_word' id='word_1_406' title='bbox 561 3880 630 3938; x_wconf 88' lang='lat' dir='ltr'><strong>et</strong></span> <span class='ocrx_word' id='word_1_407' title='bbox 678 3872 1012 3938; x_wconf 89' lang='lat' dir='ltr'><strong>monachis</strong></span> <span class='ocrx_word' id='word_1_408' title='bbox 1070 3874 1394 3957; x_wconf 76' lang='lat' dir='ltr'><strong>praedictis</strong></span> <span class='ocrx_word' id='word_1_409' title='bbox 1446 3874 1527 3937; x_wconf 91' lang='lat' dir='ltr'><strong>de</strong></span> <span class='ocrx_word' id='word_1_410' title='bbox 1580 3882 1857 3957; x_wconf 89' lang='lat' dir='ltr'><strong>quatuor</strong></span> <span class='ocrx_word' id='word_1_411' title='bbox 1916 3874 2169 3938; x_wconf 87' lang='lat' dir='ltr'><strong>bovatis</strong></span> <span class='ocrx_word' id='word_1_412' title='bbox 2226 3878 2414 3939; x_wconf 76' lang='lat' dir='ltr'><strong>terrae</strong></span> <span class='ocrx_word' id='word_1_413' title='bbox 2472 3882 2539 3939; x_wconf 88' lang='lat' dir='ltr'><strong>et</strong></span> 
     </span>
     <span class='ocr_line' id='line_1_40' title="bbox 267 3960 2540 4045; baseline 0.001 -21"><span class='ocrx_word' id='word_1_414' title='bbox 267 3968 546 4045; x_wconf 89' lang='lat' dir='ltr'><strong>quatuor</strong></span> <span class='ocrx_word' id='word_1_415' title='bbox 573 3961 774 4037; x_wconf 73' lang='lat' dir='ltr'><strong>tostis,</strong></span> <span class='ocrx_word' id='word_1_416' title='bbox 805 3982 955 4026; x_wconf 90' lang='lat' dir='ltr'><strong>cum</strong></span> <span class='ocrx_word' id='word_1_417' title='bbox 1001 3960 1436 4044; x_wconf 72' lang='lat' dir='ltr'><strong>pertinenciiS,</strong></span> <span class='ocrx_word' id='word_1_418' title='bbox 1465 3961 1534 4023; x_wconf 94' lang='lat' dir='ltr'><strong>in</strong></span> <span class='ocrx_word' id='word_1_419' title='bbox 1590 3960 1909 4025; x_wconf 88' lang='lat' dir='ltr'><strong>territorio</strong></span> <span class='ocrx_word' id='word_1_420' title='bbox 1960 3967 2029 4024; x_wconf 89' lang='lat' dir='ltr'><strong>et</strong></span> <span class='ocrx_word' id='word_1_421' title='bbox 2076 3960 2237 4025; x_wconf 87' lang='lat' dir='ltr'><strong>villa</strong></span> <span class='ocrx_word' id='word_1_422' title='bbox 2286 3961 2370 4025; x_wconf 91' lang='lat' dir='ltr'><strong>de</strong></span> <span class='ocrx_word' id='word_1_423' title='bbox 2420 3962 2540 4026; x_wconf 84' lang='lat' dir='ltr'><strong>Est</strong></span> 
     </span>
     <span class='ocr_line' id='line_1_41' title="bbox 269 4047 2540 4133; baseline 0 -22"><span class='ocrx_word' id='word_1_424' title='bbox 269 4047 694 4133; x_wconf 78' lang='lat' dir='ltr'><strong>Heslertona:</strong></span> <span class='ocrx_word' id='word_1_425' title='bbox 738 4048 1174 4112; x_wconf 88' lang='lat' dir='ltr'><strong>Donationem</strong></span> <span class='ocrx_word' id='word_1_426' title='bbox 1217 4098 1232 4113; x_wconf 91' lang='lat'><strong>.</strong></span> <span class='ocrx_word' id='word_1_427' title='bbox 1264 4097 1280 4114; x_wconf 88' lang='lat'><strong>.</strong></span> <span class='ocrx_word' id='word_1_428' title='bbox 1311 4096 1326 4112; x_wconf 92' lang='lat'><strong>.</strong></span> <span class='ocrx_word' id='word_1_429' title='bbox 1375 4066 1534 4131; x_wconf 87' lang='lat' dir='ltr'><strong>quas</strong></span> <span class='ocrx_word' id='word_1_430' title='bbox 1568 4047 1937 4112; x_wconf 86' lang='lat' dir='ltr'><strong>Alexander</strong></span> <span class='ocrx_word' id='word_1_431' title='bbox 1967 4048 2209 4112; x_wconf 87' lang='lat' dir='ltr'><strong>Gerum</strong></span> <span class='ocrx_word' id='word_1_432' title='bbox 2242 4098 2257 4114; x_wconf 92' lang='lat'><strong>.</strong></span> <span class='ocrx_word' id='word_1_433' title='bbox 2289 4098 2303 4113; x_wconf 90' lang='lat'><em>.</em></span> <span class='ocrx_word' id='word_1_434' title='bbox 2336 4098 2350 4113; x_wconf 94' lang='lat'><strong>.</strong></span> <span class='ocrx_word' id='word_1_435' title='bbox 2382 4048 2540 4112; x_wconf 86' lang='lat' dir='ltr'><strong>fecit</strong></span> 
     </span>
     <span class='ocr_line' id='line_1_42' title="bbox 267 4133 2538 4219; baseline -0 -19"><span class='ocrx_word' id='word_1_436' title='bbox 267 4135 412 4200; x_wconf 86' lang='lat' dir='ltr'><strong>Deo</strong></span> <span class='ocrx_word' id='word_1_437' title='bbox 454 4186 468 4201; x_wconf 93' lang='lat'><em>.</em></span> <span class='ocrx_word' id='word_1_438' title='bbox 515 4185 530 4199; x_wconf 91' lang='lat'><strong>.</strong></span> <span class='ocrx_word' id='word_1_439' title='bbox 576 4185 590 4200; x_wconf 93' lang='lat'><em>.</em></span> <span class='ocrx_word' id='word_1_440' title='bbox 639 4134 720 4199; x_wconf 91' lang='lat' dir='ltr'><strong>de</strong></span> <span class='ocrx_word' id='word_1_441' title='bbox 749 4135 1000 4200; x_wconf 89' lang='lat' dir='ltr'><strong>duobus</strong></span> <span class='ocrx_word' id='word_1_442' title='bbox 1029 4134 1254 4199; x_wconf 87' lang='lat' dir='ltr'><strong>solidis</strong></span> <span class='ocrx_word' id='word_1_443' title='bbox 1282 4136 1354 4197; x_wconf 91' lang='lat' dir='ltr'><strong>in</strong></span> <span class='ocrx_word' id='word_1_444' title='bbox 1398 4133 1561 4197; x_wconf 86' lang='lat' dir='ltr'><strong>villa</strong></span> <span class='ocrx_word' id='word_1_445' title='bbox 1612 4135 1673 4200; x_wconf 90' lang='lat' dir='ltr'><strong>S.</strong></span> <span class='ocrx_word' id='word_1_446' title='bbox 1724 4133 1965 4198; x_wconf 89' lang='lat' dir='ltr'><strong>Botulfi</strong></span> <span class='ocrx_word' id='word_1_447' title='bbox 2018 4133 2097 4199; x_wconf 89' lang='lat' dir='ltr'><strong>de</strong></span> <span class='ocrx_word' id='word_1_448' title='bbox 2150 4134 2341 4199; x_wconf 90' lang='lat' dir='ltr'><strong>domo</strong></span> <span class='ocrx_word' id='word_1_449' title='bbox 2393 4156 2538 4219; x_wconf 84' lang='lat' dir='ltr'><strong>quae</strong></span> 
     </span>
     <span class='ocr_line' id='line_1_43' title="bbox 268 4220 2539 4372; baseline -0 -86"><span class='ocrx_word' id='word_1_450' title='bbox 268 4229 498 4287; x_wconf 83' lang='lat' dir='ltr'><strong>vocata</strong></span> <span class='ocrx_word' id='word_1_451' title='bbox 539 4222 668 4286; x_wconf 84' lang='lat' dir='ltr'><strong>fuit</strong></span> <span class='ocrx_word' id='word_1_452' title='bbox 711 4222 1002 4299; x_wconf 88' lang='lat' dir='ltr'><strong>Boveria‚</strong></span> <span class='ocrx_word' id='word_1_453' title='bbox 1055 4221 1332 4286; x_wconf 89' lang='lat' dir='ltr'><strong>Roberto</strong></span> <span class='ocrx_word' id='word_1_454' title='bbox 1376 4221 1458 4285; x_wconf 89' lang='lat' dir='ltr'><strong>de</strong></span> <span class='ocrx_word' id='word_1_455' title='bbox 1514 4220 1979 4372; x_wconf 54' lang='lat' dir='ltr'><strong>Huntind[ofriil]1</strong></span> <span class='ocrx_word' id='word_1_456' title='bbox 2008 4222 2346 4287; x_wconf 86' lang='lat' dir='ltr'><strong>annuatim</strong></span> <span class='ocrx_word' id='word_1_457' title='bbox 2403 4222 2539 4286; x_wconf 87' lang='lat' dir='ltr'><strong>red-</strong></span> 
     </span>
     <span class='ocr_line' id='line_1_44' title="bbox 269 4307 2539 4392; baseline 0 -18"><span class='ocrx_word' id='word_1_458' title='bbox 269 4309 532 4374; x_wconf 87' lang='lat' dir='ltr'><strong>dendis:</strong></span> <span class='ocrx_word' id='word_1_459' title='bbox 578 4309 1072 4374; x_wconf 77' lang='lat' dir='ltr'><strong>concessionem</strong></span> <span class='ocrx_word' id='word_1_460' title='bbox 1114 4358 1128 4372; x_wconf 92' lang='lat'>.</span> <span class='ocrx_word' id='word_1_461' title='bbox 1175 4358 1190 4373; x_wconf 87' lang='lat'><em>.</em></span> <span class='ocrx_word' id='word_1_462' title='bbox 1237 4358 1252 4372; x_wconf 93' lang='lat'>.</span> <span class='ocrx_word' id='word_1_463' title='bbox 1300 4328 1460 4392; x_wconf 87' lang='lat' dir='ltr'><strong>quas</strong></span> <span class='ocrx_word' id='word_1_464' title='bbox 1491 4308 1855 4373; x_wconf 87' lang='lat' dir='ltr'><strong>Rainnerus</strong></span> <span class='ocrx_word' id='word_1_465' title='bbox 1961 4308 2059 4373; x_wconf 88' lang='lat' dir='ltr'><strong>’us</strong></span> <span class='ocrx_word' id='word_1_466' title='bbox 2106 4307 2429 4373; x_wconf 80' lang='lat' dir='ltr'><strong>Gurredi⁸</strong></span> <span class='ocrx_word' id='word_1_467' title='bbox 2459 4308 2539 4374; x_wconf 92' lang='lat' dir='ltr'><strong>de</strong></span> 
     </span>
    </p>
   </div>
   <div class='ocr_carea' id='block_1_3' title="bbox 332 4443 2540 4575">
    <p class='ocr_par' dir='ltr' id='par_1_3' title="bbox 332 4443 2540 4575">
     <span class='ocr_line' id='line_1_45' title="bbox 337 4443 2537 4507; baseline 0.002 -12"><span class='ocrx_word' id='word_1_468' title='bbox 337 4456 354 4485; x_wconf 84' lang='lat'>²</span> <span class='ocrx_word' id='word_1_469' title='bbox 387 4444 528 4496; x_wconf 82' lang='lat' dir='ltr'><strong>Note</strong></span> <span class='ocrx_word' id='word_1_470' title='bbox 549 4444 642 4496; x_wconf 85' lang='lat' dir='ltr'><strong>the</strong></span> <span class='ocrx_word' id='word_1_471' title='bbox 657 4444 798 4495; x_wconf 81' lang='lat' dir='ltr'><strong>Hest</strong></span> <span class='ocrx_word' id='word_1_472' title='bbox 819 4444 1142 4496; x_wconf 81' lang='lat' dir='ltr'><strong>Heslertona</strong></span> <span class='ocrx_word' id='word_1_473' title='bbox 1162 4462 1195 4495; x_wconf 87' lang='lat' dir='ltr'><strong>a</strong></span> <span class='ocrx_word' id='word_1_474' title='bbox 1216 4443 1363 4495; x_wconf 84' lang='lat' dir='ltr'><strong>little</strong></span> <span class='ocrx_word' id='word_1_475' title='bbox 1383 4444 1571 4507; x_wconf 79' lang='lat' dir='ltr'><strong>below,</strong></span> <span class='ocrx_word' id='word_1_476' title='bbox 1597 4444 1817 4496; x_wconf 88' lang='lat' dir='ltr'><strong>denotin</strong></span> <span class='ocrx_word' id='word_1_477' title='bbox 1873 4446 1972 4496; x_wconf 81' lang='lat' dir='ltr'><strong>Est</strong></span> <span class='ocrx_word' id='word_1_478' title='bbox 1993 4462 2053 4495; x_wconf 92' lang='lat' dir='ltr'><strong>or</strong></span> <span class='ocrx_word' id='word_1_479' title='bbox 2076 4445 2211 4496; x_wconf 83' lang='lat' dir='ltr'><strong>East</strong></span> <span class='ocrx_word' id='word_1_480' title='bbox 2232 4444 2537 4499; x_wconf 80' lang='lat' dir='ltr'><strong>Heslerton.</strong></span> 
     </span>
     <span class='ocr_line' id='line_1_46' title="bbox 332 4462 2540 4575; baseline 0 -14"><span class='ocrx_word' id='word_1_481' title='bbox 332 4510 356 4543; x_wconf 76' lang='lat'>²</span> <span class='ocrx_word' id='word_1_482' title='bbox 386 4510 500 4562; x_wconf 82' lang='lat' dir='ltr'><strong>The</strong></span> <span class='ocrx_word' id='word_1_483' title='bbox 517 4526 669 4561; x_wconf 78' lang='lat' dir='ltr'><strong>name</strong></span> <span class='ocrx_word' id='word_1_484' title='bbox 683 4510 870 4562; x_wconf 73' lang='lat' dir='ltr'><strong>stands</strong></span> <span class='ocrx_word' id='word_1_485' title='bbox 899 4510 1040 4562; x_wconf 72' lang='lat' dir='ltr'><strong>Posti</strong></span> <span class='ocrx_word' id='word_1_486' title='bbox 1060 4509 1360 4561; x_wconf 73' lang='lat' dir='ltr'><strong>elsewhere.</strong></span> <span class='ocrx_word' id='word_1_487' title='bbox 1578 4510 1599 4540; x_wconf 85' lang='lat'>⁸</span> <span class='ocrx_word' id='word_1_488' title='bbox 1630 4510 1773 4561; x_wconf 82' lang='lat' dir='ltr'><strong>Note</strong></span> <span class='ocrx_word' id='word_1_489' title='bbox 1794 4462 1887 4561; x_wconf 58' lang='lat' dir='ltr'><strong>tfie</strong></span> <span class='ocrx_word' id='word_1_490' title='bbox 1911 4510 2191 4574; x_wconf 68' lang='lat' dir='ltr'><strong>Germ-due,</strong></span> <span class='ocrx_word' id='word_1_491' title='bbox 2216 4511 2333 4575; x_wconf 79' lang='lat' dir='ltr'><strong>just</strong></span> <span class='ocrx_word' id='word_1_492' title='bbox 2352 4510 2540 4562; x_wconf 79' lang='lat' dir='ltr'><strong>below.</strong></span> 
     </span>
    </p>
   </div>
  </div>
 </body>
</html>
