3075 5009
848 485 1323 534 GAnruLAmUM
1353 486 1816 537 nvaLLnnsn.
2345 478 2465 538 291

203 650 271 708 et
299 649 498 720 extra,
527 649 663 708 tam
708 661 933 708 versus
978 643 1189 708 Leche
1218 663 1415 727 quam
1445 664 1527 709 ex
1557 643 1686 708 alia.
1727 651 1912 728 parte
1941 644 2231 726 ejusdem
2259 645 2471 712 villae:

204 731 697 799 Concessionem
742 780 757 798 .
806 779 821 795 .
867 780 884 794 .
930 751 1092 814 quas
1143 730 1511 796 Willelmus
1559 731 1640 796 de
1692 731 2042 796 Stutevilla
2100 781 2116 798 .
2163 783 2178 796 .
2241 782 2256 797 .
2317 733 2475 798 fecit

202 819 347 882 Deo
411 867 427 882 .
495 865 509 880 .
577 867 593 882 .
664 817 745 882 de
790 818 901 882 via
951 818 1032 882 de
1078 818 1371 882 Kausebi
1422 838 1621 902 quam
1671 820 1870 883 frater
1927 839 2084 884 suus
2145 820 2468 885 Osmund-

202 926 283 970 us
358 904 539 970 dedit
594 903 729 970 illis
803 955 818 968 .
890 953 905 969 .
982 953 998 968 .
1072 906 1167 970 ita
1238 904 1523 988 plenarie
1589 911 1657 969 et
1727 906 1928 970 libere
1991 907 2466 991 imperpetuum

203 992 513 1057 utendam
572 990 745 1056 sicut
801 991 872 1054 in
940 999 1118 1056 carta
1173 991 1313 1075 ejus
1372 993 1776 1058 continetur:
1847 993 2283 1058 Donationem
2326 1044 2341 1058 .
2389 1045 2402 1060 .
2449 1041 2468 1060 .

201 1099 366 1163 quas
396 1079 715 1144 Robertus
765 1078 938 1142 filius
990 1079 1168 1143 Petri
1218 1080 1300 1143 de
1348 1079 1713 1162 Sproxtona
1755 1129 1770 1144 .
1820 1129 1832 1144 .
1881 1129 1894 1144 .
1943 1080 2098 1147 fecit
2140 1081 2282 1146 Deo
2329 1129 2342 1144 .
2389 1131 2404 1146 .
2451 1131 2468 1146 .

200 1166 565 1240 deduabus
592 1165 757 1230 acris
802 1172 1002 1238 terrae.
1029 1186 1179 1229 cum
1224 1167 1660 1248 pertinenciiS,
1687 1167 1758 1230 in
1803 1168 2204 1250 Sproxtona:
2251 1168 2472 1233 Dona·

198 1253 447 1318 tionem
492 1302 507 1316 .
554 1301 568 1316 .
614 1303 629 1317 .
676 1273 839 1336 quas
868 1253 1182 1316 Ricardus
1226 1253 1309 1318 de
1352 1252 1716 1336 Sproxtoua
1762 1303 1776 1318 .
1821 1303 1836 1318 .
1883 1305 1897 1318 .
1945 1254 2101 1318 fecit
2130 1255 2272 1319 Deo
2327 1303 2342 1319 .
2390 1305 2404 1320 .
2451 1303 2468 1321 .

200 1341 285 1404 de
314 1338 615 1404 omnibus
660 1339 1117 1404 donationibus
1168 1339 1437 1404 Roberti
1481 1339 1564 1404 de
1611 1340 1992 1424 Sproxtona,
2021 1342 2223 1424 patris
2254 1342 2373 1418 sui,
2404 1350 2474 1408 et

202 1427 487 1491 Simonis
514 1427 596 1491 de
626 1428 1004 1510 sproxtona,
1034 1427 1250 1490 fratris
1294 1427 1640 1504 sui—scil„
1677 1448 1756 1491 ex
1802 1427 1970 1492 dono
2013 1429 2219 1511 patris
2249 1430 2352 1494 sui
2391 1430 2474 1494 de

198 1513 565 1598 pasturajn
594 1513 914 1577 territorio
958 1513 1039 1577 de
1084 1514 1447 1597 Sproxtona
1488 1535 1603 1598 per
1630 1520 1842 1578 totum
1875 1515 2140 1580 boscum
2169 1536 2363 1580 suum
2406 1523 2474 1582 et

201 1622 319 1684 per
346 1609 552 1666 totam
606 1599 899 1686 [terram]
948 1621 1132 1664 suam
1179 1601 1259 1664 ad
1306 1601 1576 1684 triginta
1627 1621 1872 1678 vaccae,
1912 1623 2060 1666 cum
2101 1609 2288 1667 tauro
2335 1624 2472 1682 suo,

200 1707 473 1770 quarum
524 1687 723 1752 vituli
767 1695 1112 1771 pascentur
1154 1687 1398 1752 ibidem
1442 1687 1646 1753 donec
1681 1687 1924 1773 singuli
1967 1710 2214 1753 annum
2241 1690 2470 1774 imple-

201 1775 433 1852 verint,
464 1782 531 1840 et
578 1774 659 1839 de
710 1782 977 1858 pastura
1024 1795 1141 1858 per
1168 1782 1370 1839 totam
1402 1781 1642 1838 terram
1691 1795 1896 1850 suam,
1924 1775 2104 1840 intus
2152 1786 2221 1841 et
2270 1786 2474 1855 extra,

199 1863 573 1947 ubicunque
596 1910 610 1925 .
632 1911 647 1927 .
674 1911 690 1928 .
722 1861 806 1926 ad
835 1881 985 1926 oves
1010 1862 1337 1938 ducentae,
1359 1882 1633 1945 quarum
1663 1863 1814 1945 agni
1835 1869 2026 1926 erunt
2052 1863 2294 1928 ibidem
2326 1885 2478 1929 cum

204 1951 523 2014 matribus
576 1949 732 2025 suia,
777 1947 1050 2031 singulis
1100 1949 1307 2024 annia,
1357 1968 1566 2032 usque
1611 1949 1691 2012 ad
1744 1951 2251 2032 separationem3
2295 1957 2362 2015 et
2391 1973 2472 2016 ex

205 2037 377 2101 dono
408 2035 709 2112 simonie,
740 2035 957 2099 fratris
987 2035 1108 2112 sui,
1152 2042 1220 2100 et
1248 2055 1365 2099 suo
1410 2036 1491 2100 de
1524 2042 1792 2119 pastura
1822 2035 1903 2100 ad
1934 2036 2093 2102 alias
2122 2043 2474 2104 trescentos

200 2143 357 2188 oves
386 2124 631 2206 ubique
660 2143 809 2188 cum
853 2122 1181 2206 praedictis
1226 2122 1523 2188 ducentis
1570 2123 1818 2200 ovibus,
1845 2124 2046 2187 simili
2085 2124 2295 2201 modo,
2324 2146 2476 2190 cum

202 2211 389 2294 agnis
417 2211 570 2286 suis,
600 2229 747 2294 quae
775 2210 1145 2294 quingentae
1165 2229 1317 2273 oves
1338 2210 1652 2292 jacebunt
1672 2210 1745 2273 in
1766 2209 1958 2274 faldis
1987 2211 2158 2274 sicut
2185 2219 2476 2294 pastores

203 2317 428 2362 earum
487 2297 907 2381 providerint,
966 2303 1034 2361 et
1107 2295 1187 2360 de
1246 2296 1560 2380 capiendo
1620 2297 1820 2361 libere
1879 2297 1960 2362 de
2018 2298 2210 2362 bosco
2268 2299 2476 2383 ipsius

202 2385 484 2461 Ricardi,
543 2385 623 2448 ad
678 2384 1253 2448 considerationem
1305 2383 1628 2447 forestarii
1681 2384 1803 2460 sui,
1831 2385 2170 2448 materiam
2200 2393 2268 2450 et
2303 2387 2478 2470 quic-

202 2473 361 2556 quid
396 2491 558 2554 opus
585 2471 936 2535 habuerint
978 2471 1061 2534 ad
1104 2470 1453 2534 bercariam
1484 2477 1554 2534 et
1573 2470 1800 2546 faldas,
1831 2479 1899 2534 et
1929 2471 2011 2535 ad
2041 2491 2266 2537 omnes
2310 2473 2476 2538 alios

198 2579 359 2624 usus
414 2577 565 2624 suos
616 2557 689 2621 in
740 2557 966 2622 eodem
1015 2557 1176 2632 loco,
1228 2557 1399 2621 sicut
1447 2557 1589 2641 ipse
1639 2557 1906 2621 liberius
1958 2558 2134 2642 cepit
2183 2559 2266 2625 ad
2325 2580 2476 2625 suos

198 2647 493 2730 proprios
551 2665 725 2720 usus,
785 2652 854 2708 et
911 2645 991 2709 de
1065 2644 1539 2728 quinquaginta
1597 2651 1664 2708 et
1732 2645 1984 2709 duabus
2044 2647 2210 2710 acris
2269 2656 2474 2724 terrae,

202 2754 354 2797 cum
405 2731 841 2816 pertinenciiS,
891 2731 963 2794 in
1016 2731 1397 2815 Sproxtona,
1444 2737 1511 2795 et
1561 2731 1644 2795 de
1689 2738 1829 2796 tota
1880 2751 2050 2815 aqua
2097 2733 2238 2798 Riae
2279 2735 2476 2817 juxta

198 2819 473 2884 eandem
520 2826 777 2894 terram,
816 2826 883 2881 et
934 2818 1015 2882 de
1067 2818 1289 2882 decem
1339 2818 1505 2881 acris
1553 2837 1748 2901 super
1787 2826 2078 2882 montem
2125 2820 2292 2884 circa
2331 2821 2472 2886 ber-

194 2907 437 2971 cariam
467 2927 705 2983 eorum,
735 2905 905 2969 sicut
934 2925 1041 2969 eas
1071 2904 1443 2969 clauserunt
1470 2905 1662 2970 metis
1692 2911 1758 2970 et
1801 2905 2075 2983 fossatis,
2105 2914 2173 2972 et
2214 2907 2296 2972 de
2334 2915 2474 2973 toto

192 2993 312 3058 illo
340 2994 481 3058 loco
516 2993 632 3077 qui
671 2992 911 3056 dicitur
938 2990 1309 3069 Eskeholm,
1339 2999 1407 3056 et
1449 2991 1530 3056 de
1575 2992 1868 3057 ducendo
1911 3013 2146 3077 aquam
2176 2994 2316 3059 Riae
2359 3015 2478 3079 per

195 3081 476 3146 eundem
525 3081 742 3144 locum
794 3079 1054 3163 quando
1084 3079 1423 3156 voluerint,
1476 3086 1546 3142 et
1573 3086 1818 3164 quanto
1870 3082 2136 3164 propius
2185 3087 2472 3146 montem

194 3167 541 3244 voluerint,
586 3173 653 3231 et
703 3165 785 3230 de
830 3173 1097 3250 pastura
1141 3167 1224 3230 ad
1270 3167 1698 3250 quadraginta
1745 3174 1812 3231 et
1857 3176 2002 3232 octo
2049 3169 2243 3232 boves
2273 3189 2314 3232 a
2347 3171 2472 3234 Ria

192 3275 403 3339 usque
432 3255 515 3318 ad
546 3253 949 3338 Suthg'mam
967 3254 989 3292 ¹
1021 3273 1167 3336 quae
1188 3253 1326 3317 exit
1354 3254 1435 3317 de
1464 3252 1826 3331 Tonedale,¹
1849 3275 1963 3336 per
1989 3261 2196 3320 totam
2223 3276 2469 3320 moram

188 3350 259 3408 et
303 3349 517 3407 totum
556 3341 821 3405 boscum
864 3347 1185 3425 quantum
1228 3347 1398 3404 terra
1448 3361 1568 3404 sua
1609 3341 2106 3418 duravit—scil„
2136 3363 2344 3426 usque
2387 3344 2472 3408 ad

188 3449 491 3513 magnam
542 3428 719 3492 viam
770 3429 1077 3492 deversus
1124 3434 1434 3504 austrum,
1484 3438 1554 3491 et
1603 3447 1684 3492 ex
1736 3427 1868 3492 alia
1917 3436 2098 3513 parte
2149 3435 2470 3513 quantum

190 3527 362 3582 terra
391 3537 509 3580 sua
532 3515 792 3580 duravit
819 3535 1043 3580 versus
1068 3513 1451 3590 Scaltonam,
1470 3514 1732 3597 ubique,
1761 3523 1830 3581 et
1860 3515 1941 3579 de
1968 3515 2094 3580 viis
2124 3526 2192 3580 et
2219 3518 2468 3583 semitis

187 3605 411 3669 liberis
453 3624 569 3687 per
612 3609 817 3666 totam
846 3610 1087 3666 terram
1128 3602 1334 3685 ipsius
1366 3602 1644 3678 Ricardi,
1675 3608 1743 3666 et
1784 3602 1866 3667 de
1910 3601 2108 3667 libere
2151 3603 2468 3669 firmando

186 3699 257 3756 et
306 3690 604 3755 habendo
650 3697 916 3773 pontem
966 3690 1107 3753 Riae
1156 3709 1351 3773 super
1400 3695 1640 3753 terram
1690 3689 1898 3772 ipsius
1948 3690 2227 3766 Ricardi,
2271 3699 2334 3755 et
2389 3692 2471 3757 de

186 3780 392 3843 libera
435 3777 543 3842 via
588 3785 772 3840 extra
815 3777 1055 3841 fossata
1114 3777 1239 3840 sibi
1282 3783 1349 3840 et
1406 3776 1780 3840 hominibus
1824 3783 1892 3841 et
1933 3777 2202 3840 carectis
2246 3784 2314 3842 et
2357 3799 2468 3864 pe-

186 3865 445 3932 coribus
492 3865 643 3940 suis,
674 3865 758 3928 ad
797 3864 1084 3928 eundum
1136 3869 1203 3929 et
1250 3863 1670 3939 redeundum,
1699 3863 1782 3928 ad
1824 3864 2216 3948 portandum
2259 3871 2327 3929 et
2368 3887 2466 3932 re-

184 3951 579 4039 portandum
606 3971 707 4015 res
736 3971 886 4015 suas
916 3951 1087 4014 inter
1113 3953 1445 4042 grangiam
1473 3969 1656 4015 suam
1686 3950 1768 4014 de
1797 3950 1976 4015 Griff
1995 3959 2063 4016 et
2089 3951 2464 4035 praedictam

260 4117 279 4148 ¹
502 4112 619 4164 sion
662 4111 771 4162 and
804 4111 1149 4177 explanation
1168 4127 1261 4161 are
1397 4110 1472 4176 by
1500 4114 1537 4138 “
1556 4111 2012 4178 Suth·grainam,’'
2030 4115 2188 4176 eruin
2220 4111 2380 4181 being
2412 4115 2472 4165 in

186 4179 405 4247 equally
427 4177 658 4230 difficult
678 4178 735 4228 in
760 4176 853 4227 the
876 4193 997 4228 case
1022 4175 1081 4227 of
1112 4176 1263 4227 these
1398 4175 1535 4226 local
1567 4193 1662 4227 uae
1693 4177 1750 4227 in
1783 4175 1878 4227 the
1910 4177 2127 4228 district
2161 4194 2222 4228 as
2255 4177 2348 4230 the
2381 4177 2470 4230 de·

188 4253 299 4298 two
340 4260 539 4296 names.
615 4241 883 4293 Tenedale
926 4241 997 4292 mi
1034 4241 1099 4291 ht
1242 4269 1261 4280 ·
1399 4241 1444 4291 ei
1551 4241 1668 4292 tion
1689 4241 1747 4292 of
1773 4257 1808 4292 a
1827 4241 2028 4294 brmch
2048 4260 2111 4294 or
2131 4243 2472 4295 uide-section

187 4310 294 4364 sibl
353 4309 419 4361 be
442 4307 699 4361 intended
722 4308 806 4358 for
820 4257 1262 4369 Thomalaffit
1398 4323 1431 4357 o
1486 4322 1521 4357 a
1553 4307 1730 4383 valley
1763 4323 1824 4358 or
1855 4308 2054 4370 tevine,
2079 4308 2187 4384 and
2218 4309 2352 4384 such
2382 4325 2472 4360 ex-

186 4377 303 4429 loea
378 4373 775 4428 oorroboration
828 4374 875 4424 is
928 4373 1134 4424 absent.
1204 4371 1263 4424 It
1436 4372 1674 4424 lanation
1716 4371 1897 4424 would
1951 4379 2152 4424 conant
2193 4373 2328 4424 vnth
2376 4375 2474 4426 the

186 4439 367 4494 would
406 4441 611 4492 consint
641 4438 775 4490 with
814 4439 910 4489 the
946 4439 1165 4504 writing
1202 4441 1261 4488 to
1488 4453 1660 4505 guage
1681 4437 1962 4506 employed
1983 4439 2041 4491 in
2061 4439 2156 4491 the
2176 4455 2414 4506 passage.

182 4507 315 4560 read
350 4505 693 4573 Suthq’inam,
734 4505 843 4556 and
879 4508 939 4556 to
970 4503 1181 4570 expmd
1212 4503 1262 4554 it
