3075 5009
584 485 707 543 292
1238 495 1712 542 GARTULARIUM
1743 495 2204 542 RIEVALLENSE.

580 653 950 730 bercariam,
980 659 1047 717 et
1104 652 1183 718 de
1243 652 1556 736 capiendo
1600 651 1800 717 libere
1846 652 1928 716 de
1973 653 2166 716 bosco
2211 652 2418 737 ipsius
2465 651 2734 718 Ricardi
2781 653 2868 718 ad

581 760 767 824 sepes
815 739 898 804 ad
947 739 1339 804 claudendas
1368 739 1710 823 praedictas
1745 747 1988 804 terras:
2033 739 2471 805 Donationem
2515 789 2528 804 .
2575 791 2591 804 .
2635 789 2655 808 .
2700 761 2868 825 quas

582 827 897 892 Ricardus
928 827 1008 891 de
1039 825 1403 909 Sproxtona
1445 877 1460 890 .
1508 876 1523 891 .
1568 877 1584 892 .
1631 825 1788 891 fecit
1821 827 1964 890 Deo
2007 876 2023 891 .
2069 875 2084 890 .
2131 877 2146 892 .
2191 827 2274 890 de
2317 827 2660 892 duodecim
2695 829 2864 892 acris

582 922 787 991 terrae,
831 935 982 979 cum
1023 914 1458 997 pertinenciiS,
1486 913 1562 977 in
1605 913 1920 998 Batingge
1949 913 2196 998 riding:
2238 914 2678 979 Donationem
2723 965 2738 979 .
2783 965 2800 980 .
2849 966 2864 980 .

582 1023 745 1086 quas
788 1001 1107 1066 Robertus
1137 999 1313 1064 filius
1360 1000 1598 1084 Rogeri
1641 1000 1762 1064 filii
1803 1000 2042 1064 Siwine
2071 1000 2154 1065 de
2182 1000 2678 1066 west-neutuna
2722 1050 2739 1065 .
2784 1051 2799 1066 .
2851 1054 2864 1066 .

582 1089 738 1153 fecit
766 1088 909 1153 Deo
952 1137 969 1152 .
1016 1136 1031 1152 .
1075 1137 1092 1154 .
1136 1088 1217 1152 de
1246 1095 1385 1151 toto
1414 1093 1656 1152 essarto
1686 1107 1804 1152 suo
1833 1087 1904 1150 in
1933 1107 2162 1172 campo
2191 1087 2272 1152 de
2304 1087 2669 1172 Sproxtona
2689 1089 2872 1172 quod

583 1181 850 1240 vocatur
902 1173 1429 1258 Siwinesriding,¹
1480 1195 1632 1238 cum
1675 1174 2132 1258 pertinenciis:
2199 1175 2636 1240 Donationem
2692 1224 2712 1240 .
2771 1225 2788 1242 .
2851 1225 2870 1242 .

582 1283 745 1347 quas
794 1261 1168 1326 Willelmus
1219 1261 1395 1325 filius
1444 1260 1714 1325 Roberti
1771 1261 1932 1325 Line
1981 1261 2064 1326 de
2117 1261 2481 1345 Sproxtona
2523 1312 2540 1326 .
2583 1311 2600 1327 .
2645 1311 2662 1328 .
2709 1262 2872 1327 fecit

582 1349 727 1414 Deo
756 1397 772 1414 .
802 1397 819 1412 .
849 1397 864 1412 .
897 1349 976 1413 de
1004 1348 1256 1413 duabus
1286 1349 1448 1412 acris
1476 1355 1666 1412 terrae
1707 1367 1858 1412 cum
1891 1348 2328 1431 pertinenciis,
2355 1349 2429 1412 in
2459 1349 2870 1433 Sproxtona:

582 1436 1019 1500 Donationem
1064 1485 1078 1500 .
1124 1485 1141 1500 .
1185 1485 1201 1500 .
1244 1435 1691 1499 remissionem
1747 1440 1816 1499 et
1871 1436 2160 1520 quietam
2217 1435 2644 1500 clamanciam
2701 1457 2872 1520 quas

582 1523 957 1588 Willelmus
985 1522 1159 1586 filius
1190 1521 1469 1587 Simonis
1498 1522 1581 1586 de
1611 1522 1976 1606 Sproxtona
2018 1570 2034 1587 .
2077 1571 2095 1589 .
2143 1573 2158 1588 .
2205 1523 2365 1587 fecit
2406 1524 2549 1588 Deo
2589 1571 2610 1590 .
2653 1572 2670 1590 .
2713 1571 2732 1590 .
2783 1523 2872 1588 de

584 1618 849 1696 pastura
893 1610 974 1674 ad
1005 1609 1333 1694 octoginta
1361 1629 1512 1673 oves
1543 1611 1614 1672 in
1644 1609 2025 1692 ὃμοια-10116,
2055 1629 2205 1673 cum
2231 1609 2434 1674 libero
2473 1611 2771 1694 ingressu
2799 1617 2872 1674 et

583 1718 858 1783 egressu,
886 1697 1257 1781 ubicunque
1301 1745 1316 1760 .
1364 1744 1379 1761 .
1424 1745 1438 1760 .
1485 1703 1553 1760 et
1583 1695 1662 1761 de
1691 1702 1830 1760 toto
1867 1697 2014 1779 jure
2058 1703 2126 1760 et
2168 1696 2402 1761 clamio
2442 1717 2587 1781 quae
2617 1697 2874 1774 habuit,

583 1785 689 1849 vel
719 1784 955 1848 habere
988 1785 1221 1867 potuit,
1251 1784 1323 1847 in
1362 1789 1500 1846 tota
1545 1803 1889 1847 communa
1910 1789 2192 1866 pasturae
2222 1783 2303 1848 de
2329 1783 2867 1848 West-neutona:

584 1871 1053 1936 Remissionem
1102 1921 1115 1936 .
1161 1919 1176 1936 .
1222 1920 1237 1935 .
1285 1890 1447 1953 quas
1477 1868 1852 1934 Willelmus
1883 1869 2056 1934 filius
2086 1871 2355 1935 Roberti
2385 1872 2467 1935 de
2495 1870 2868 1954 Sproxtona

582 2005 600 2024 .
643 2008 659 2025 .
704 2009 720 2024 .
766 1959 924 2023 fecit
980 1957 1226 2022 Abbati
1283 1963 1350 2021 et
1408 1956 1743 2021 monachis
1801 1957 2128 2040 praedictis
2186 1958 2268 2021 de
2327 1957 2580 2022 duobus
2639 1958 2870 2023 solidis

584 2046 849 2130 argenti,
907 2065 1071 2129 quos
1130 2043 1255 2108 sibi
1312 2044 1655 2108 annuatim
1711 2043 1958 2108 solvere
2023 2051 2498 2110 consueverunt
2555 2065 2674 2128 pro
2734 2045 2872 2110 fine

584 2132 948 2197 Comitatus
978 2138 1045 2196 et
1071 2130 1488 2215 Wapentagii
1516 2152 1634 2216 pro
1663 2138 1942 2214 quatuor
1969 2133 2285 2196 carucatis
2315 2139 2502 2196 terrae
2545 2133 2617 2196 in
2646 2133 2870 2198 West-

582 2226 906 2284 neutona:
937 2219 1431 2283 Concessionem
1459 2266 1474 2282 .
1506 2268 1522 2283 .
1556 2267 1571 2283 .
1599 2239 1760 2303 quas
1790 2218 2130 2295 Robertus,
2159 2219 2484 2284 Dominus
2513 2219 2594 2283 de
2625 2219 2869 2303 Sprox-

582 2315 755 2383 tona,
784 2305 959 2370 filius
988 2305 1305 2370 Willelmi
1336 2304 1415 2369 de
1445 2305 1810 2388 Sproxtona
1839 2353 1854 2370 .
1885 2355 1901 2370 .
1931 2354 1946 2370 .
1977 2307 2134 2370 fecit
2159 2306 2408 2370 Abbati
2435 2313 2503 2370 et
2530 2307 2872 2372 monachis

584 2393 905 2479 praedictis
937 2393 1017 2457 de
1044 2401 1184 2456 tota
1214 2391 1558 2456 donatione
1587 2413 1785 2476 quam
1813 2391 2134 2457 Robertus
2177 2393 2259 2456 de
2289 2393 2673 2476 sproxtona,
2701 2414 2870 2457 avus

583 2502 759 2558 suus,
804 2480 1227 2556 dedit—scil„
1270 2479 1443 2562 quod
1489 2479 1774 2544 habeant
1823 2500 2058 2563 aquam
2089 2479 2172 2544 de
2205 2479 2385 2544 fonte
2415 2479 2574 2564 qui²
2619 2480 2752 2544 fuit
2795 2481 2867 2545 in

584 2576 765 2633 curte
807 2568 1015 2651 ipsius
1055 2567 1317 2630 Roberti
1346 2566 1425 2630 ad
1459 2566 1828 2630 ducendum
1870 2586 1986 2649 per
2029 2566 2423 2631 conductum
2467 2587 2584 2652 per
2623 2575 2871 2632 terram

584 2676 769 2720 suam
814 2655 894 2719 de
924 2653 1288 2738 Sproxtona
1330 2673 1539 2737 usque
1584 2653 1667 2717 ad
1715 2654 2046 2738 grangiam
2088 2654 2380 2738 ipsorum
2417 2654 2498 2718 de
2541 2655 2611 2718 N
2609 2661 2872 2733 eutona‚

581 2743 755 2808 sicut
782 2743 910 2806 sibi
952 2741 1236 2805 viderint
1264 2739 1498 2804 melius
1528 2741 1848 2824 expedire,
1878 2747 1945 2804 et
1979 2740 2059 2805 de
2089 2741 2332 2824 origine
2375 2761 2562 2825 aquae
2603 2741 2678 2804 in
2719 2761 2870 2826 pas·

582 2837 733 2894 tura
774 2830 855 2894 de
884 2828 1384 2893 Esemore—Ita
1412 2827 1586 2910 quod
1627 2827 1918 2892 conversi
1963 2827 2044 2890 de
2086 2827 2394 2910 praedicta
2433 2829 2718 2912 grangia,
2749 2849 2868 2893 seu

584 2917 935 2982 servientes
966 2937 1203 2993 eorum,
1233 2914 1531 2998 quotiens
1561 2934 1724 2997 opus
1753 2913 2114 2990 habuerint,
2143 2915 2518 2998 praedictam
2548 2916 2866 3000 originem

582 3003 784 3068 libere
830 3003 1080 3087 possint
1125 3022 1408 3087 quaerere
1458 3009 1525 3065 et
1585 3001 1787 3085 sequi,
1816 3008 1952 3065 tam
1998 3001 2071 3063 in
2117 3001 2426 3085 praedicta
2470 3010 2740 3085 pastura
2785 3003 2868 3067 de

583 3091 885 3155 Esemore
944 3109 1141 3173 quam
1200 3096 1401 3164 extra,
1454 3089 1511 3152 si
1563 3087 1807 3152 ibidem
1853 3087 2130 3165 deficiat,
2182 3089 2470 3172 exceptis
2523 3089 2739 3153 bladis
2797 3098 2865 3154 et

582 3178 805 3261 pratis,
834 3184 902 3242 et
930 3178 1170 3241 circum
1201 3175 1471 3239 eandem
1512 3175 1748 3252 fodere,
1788 3182 1854 3239 et
1893 3173 2195 3240 fossando
2226 3176 2622 3240 conductum
2669 3197 2864 3241 suum

584 3265 927 3329 extendere
956 3283 1161 3347 usque
1208 3263 1289 3326 ad
1319 3282 1503 3345 aquae
1534 3263 1846 3346 originem
1877 3261 1990 3324 ubi
2021 3263 2418 3326 commodius
2448 3283 2594 3326 eam
2631 3263 2862 3328 inven-

582 3352 677 3416 ire
718 3351 1023 3435 poterint,
1066 3357 1202 3414 tam
1248 3369 1441 3432 supra
1484 3356 1724 3412 terram
1769 3349 1974 3432 ipsius
2019 3349 2285 3413 Roberti
2337 3369 2534 3433 quam
2593 3350 2866 3430 subtus;

582 3459 834 3503 necnon
869 3446 937 3503 et
965 3437 1359 3502 conductum
1411 3457 1604 3499 suum
1634 3437 1936 3519 quotiens
1988 3455 2151 3520 opus
2192 3436 2397 3500 fuerit
2423 3457 2740 3521 reparare,
2771 3459 2863 3502 re-

582 3546 820 3590 novare
878 3531 945 3590 et
992 3543 1304 3600 amovere,
1344 3543 1419 3586 ac
1471 3523 1610 3606 sepi
1661 3523 1769 3587 vel
1819 3543 2006 3586 muro
2057 3522 2370 3601 claudere,
2419 3529 2498 3587 ut
2547 3543 2720 3608 aqua
2777 3525 2863 3588 ad

581 3613 910 3699 grangiam
940 3633 1132 3676 suum
1160 3611 1536 3695 praedictam
1563 3608 1762 3674 libere
1791 3610 1996 3694 possit
2024 3629 2297 3687 currere,
2325 3630 2442 3675 seu
2469 3631 2864 3696 quocunque

584 3701 711 3766 alio
758 3700 947 3764 modo
998 3697 1398 3764 decreverint
1450 3697 1950 3762 advenire—Ita
1994 3697 2165 3781 quod
2219 3717 2352 3762 non
2402 3697 2598 3763 liceat
2647 3697 2866 3763 eidem

650 3863 668 3895 ¹
700 3862 757 3913 It
790 3877 959 3912 seems
993 3859 1280 3976 expedient
1308 3861 1369 3909 to
1401 3858 1552 3908 draw
1573 3863 1654 3909 at·
1791 3857 1966 3924 being.
2053 3858 2122 3909 In
2160 3874 2261 3909 one
2305 3858 2560 3920 instance,
2601 3861 2662 3910 at
2707 3857 2868 3921 least,

582 3929 793 3982 tention
825 3932 885 3978 to
917 3927 1027 3978 this
1092 3925 1207 3976 ocal
1250 3940 1405 3975 name
1441 3923 1549 3974 and
1581 3925 1655 3975 its
1791 3923 1989 3974 known
2026 3928 2086 3974 to
2121 3924 2216 3975 the
2255 3923 2445 3986 editor,
2469 3923 2565 3974 the
2608 3923 2873 3976 “human

582 3991 976 4047 unmistakable
1028 3991 1213 4058 origin.
1330 3989 1445 4040 The
1499 4005 1654 4039 name
1791 3987 1948 4056 being
1965 3989 1994 4011 ''
2035 4005 2144 4040 was
2178 4005 2212 4039 a
2245 3989 2452 4041 female.
2523 3989 2638 4040 The
2679 4005 2874 4042 names

583 4061 783 4120 Sivine,
811 4057 1006 4110 Siwine
1041 4056 1167 4118 (and
1200 4056 1257 4106 in
1290 4055 1445 4105 other
1466 4054 1647 4116 forms,
1791 4054 1870 4116 (in
1935 4070 2079 4105 some
2126 4054 2266 4105 form
2319 4071 2382 4106 or
2433 4053 2610 4116 other)
2665 4054 2872 4107 811116-

582 4127 655 4178 all
687 4123 962 4176 doubtless
993 4121 1275 4188 originally
1297 4119 1403 4170 due
1439 4123 1499 4171 to
1538 4120 1651 4235 815-
1789 4117 1992 4181 landes,
2075 4119 2495 4182 Swinethwaite,
2591 4119 2870 4173 811111661ῐί-

580 4193 730 4254 win),
754 4190 802 4240 is
822 4190 879 4240 of
900 4190 1149 4254 frequent
1170 4201 1498 4248 occurrence,
1524 4201 1594 4236 an
1633 4223 1648 4247 ,
1789 4186 1996 4252 6611686,
2058 4185 2466 4252 Swineridding,
2526 4201 2587 4235 as
2632 4185 2758 4236 well
2809 4203 2873 4238 as

580 4259 638 4310 in
676 4255 911 4332 scarcely
944 4253 1106 4330 fevffer
1142 4252 1425 4312 insta-noes,
1460 4251 1508 4302 is
1539 4266 1651 4302 cor·
1786 4250 1984 4328 others,
2023 4266 2196 4302 occur.
2222 4315 2236 4330 ⁸
2267 4250 2400 4302 Bias·
2485 4267 2548 4330 or
2567 4249 2721 4302 n'ddt'
2821 4253 2876 4304 is

578 4319 1143 4440 ammittat
1176 4317 1301 4433 *350⁶
1309 4317 1650 4458 mm
1787 4316 2060 4432 {¹5:533
2079 4314 2426 4448 &mam
2445 4331 2720 4448 ssussm
2809 4333 2876 4370 ⁰¹

578 4454 668 4507 led
690 4454 807 4505 into
828 4450 1141 4528 connecting
1160 4448 1289 4499 such
1312 4463 1493 4498 names
1514 4447 1650 4498 with
2011 4511 2023 4523 ·

580 4522 675 4573 the
691 4517 886 4586 porker
902 4515 1088 4582 family
1102 4513 1311 4566 instead
1327 4513 1385 4564 of
1404 4513 1650 4565 ahuman
1851 4509 1875 4543 ¹
1906 4511 2148 4563 Wntten
2169 4527 2282 4574 que.
