3075 5009
542 479 668 538 388
1195 486 1673 536 maruntium!
1702 484 2165 535 RIEVALLRNSB..

547 666 672 708 suae
717 644 796 707 de
843 643 1100 719 Rivalle,
1145 650 1219 705 ut
1267 643 1436 705 illam
1483 664 1667 723 quam
1716 642 1880 705 idem
1919 643 2125 705 Abbas
2174 650 2239 704 et
2282 642 2549 705 Ecclesia
2596 663 2715 704 sua
2762 640 2840 704 de

545 727 783 789 Rivalle
803 726 1036 788 habent
1055 726 1133 787 (10
1151 725 1313 787 dono
1335 725 1589 787 Roberti
1610 724 1688 785 de
1707 723 1946 799 Lundo‚
1968 725 2072 805 qui
2095 724 2511 785 terramillam
2530 726 2747 785 tenuit
2766 723 2844 786 de

547 808 838 889 praedicto
865 806 1194 891 [Jordano]
1293 827 1325 867 r
1351 808 1671 867 servitium
1699 806 2413 867 militare—Habendum
2453 854 2468 868 .
2515 851 2529 865 .
2570 853 2586 867 .
2636 805 2841 867 eidem

548 890 778 952 Abbati
805 898 870 951 et
909 937 924 953 .
977 936 994 955 .
1039 934 1056 950 .
1101 888 1220 949 Eec
1245 888 1384 949 θείω
1426 907 1554 948 euae
1601 887 1679 948 de
1724 886 1962 948 Rivalle
2010 887 2087 949 de
2128 887 2417 966 praedicto
2452 887 2739 948 Jordano
2782 896 2847 949 et

549 971 890 1033 haeredibus
977 969 1108 1031 euin
1189 969 1643 1048 imperpetuum
1717 967 1997 1029 faciendo
2072 968 2439 1029 forinsecum
2516 969 2843 1029 servitium

549 1052 800 1114 Domini
827 1051 1030 1131 Regis,
1062 1059 1360 1130 quantum
1389 1050 1657 1129 pertinet
1684 1049 1761 1111 ad
1783 1051 1846 1110 iv
1866 1050 2120 1111 bovatas
2148 1058 2325 1111 terrae
2346 1051 2411 1110 in
2434 1048 2653 1110 eadem
2672 1049 2843 1123 villa,

550 1154 660 1213 pro
705 1133 874 1195 omni
921 1132 1173 1197 servitio
1207 1176 1226 1197 .
1267 1179 1286 1197 ,
1335 1178 1349 1193 .
1395 1131 1563 1191 unde
1602 1150 1709 1191 sex
1751 1140 2045 1192 carucatae
2090 1138 2270 1193 terrae
2310 1130 2547 1191 iaciunt
2587 1130 2845 1191 feodum

553 1216 732 1277 unius
752 1214 980 1276 militis.
1046 1214 1130 1275 Et
1156 1221 1450 1292 praeterea
1473 1212 1639 1275 idem
1660 1211 1972 1273 Jordanue
1999 1212 2173 1273 dedit
2212 1260 2227 1275 .
2268 1259 2283 1274 .
2326 1260 2341 1275 .
2384 1211 2584 1273 eidem
2616 1212 2847 1273 Abbati

552 1303 754 1357 totum
797 1304 1043 1375 pratum
1085 1294 1242 1356 illud
1284 1294 1450 1373 quod
1491 1294 1761 1373 pertinet
1802 1292 1881 1355 ad
1924 1293 2091 1355 illam
2132 1294 2419 1355 bovatam
2446 1303 2629 1355 terrae
2654 1313 2847 1373 quam

555 1378 792 1457 Agerus
811 1378 832 1417 ¹
882 1376 1138 1437 Burdun
1187 1375 1496 1455 quondam
1548 1374 1768 1448 tenuit,
1821 1382 1885 1435 et
1940 1383 2233 1455 praeterea
2274 1383 2399 1435 tres
2454 1394 2625 1435 aeras
2680 1374 2847 1453 prati

595 1478 705 1519 uae
732 1457 897 1519 idem
922 1456 1235 1519 Jordanus
1263 1456 1479 1517 habuit
1505 1454 1583 1517 de
1612 1455 1773 1517 dono
1802 1454 2073 1535 Philippi
2114 1455 2194 1516 de
2220 1454 2849 1517 Coleville--Haben-

599 1559 704 1600 um
743 1584 759 1603 .
800 1585 817 1600 .
850 1585 866 1602 .
913 1538 1112 1600 eidem
1140 1537 1373 1599 Abbati
1413 1584 1427 1599 .
1471 1585 1486 1599 .
1527 1584 1542 1597 .
1586 1536 1664 1597 de
1702 1537 1991 1616 praedicto
2018 1536 2296 1597 Jordano
2332 1584 2347 1599 .
2395 1584 2411 1599 .
2460 1585 2473 1599 .
2518 1538 2585 1597 in
2629 1536 2849 1598 elemo—

556 1620 767 1697 sinam,
819 1626 928 1681 ete.
1016 1620 1100 1681 Et
1147 1618 1475 1698 praedictus
1522 1617 1567 1679 J
1569 1618 1834 1679 ordanus
1882 1628 1947 1679 et
1994 1618 2264 1679 haeredes
2314 1616 2675 1700 [warrantyJ.
2766 1618 2849 1678 Et

557 1721 667 1781 pro
721 1702 834 1762 hac
887 1700 1318 1781 recognitione,
1377 1699 1687 1775 wat-antia,
1742 1700 1861 1760 fine
1917 1707 1982 1762 et
2028 1698 2349 1761 eoncordia
2400 1699 2565 1760 idem
2636 1700 2851 1760 Abbaa

557 1781 789 1844 remisit
815 1788 880 1843 et
909 1782 1185 1862 quietum
1214 1780 1500 1842 clamavit
1538 1780 1617 1841 de
1658 1801 1725 1842 se
1752 1790 1887 1854 etc„
1918 1782 2035 1860 ipsi
2075 1779 2119 1841 J
2121 1779 2354 1841 ordano
2391 1789 2458 1840 et
2498 1780 2851 1841 haeredibus

557 1865 680 1925 suis
729 1872 928 1924 totum
976 1864 1077 1943 J'us
1124 1872 1190 1923 et
1237 1862 1522 1924 clamium
1571 1862 1737 1941 quod
1788 1862 2006 1924 habuit
2059 1862 2125 1923 in
2180 1862 2471 1942 praedieta
2526 1882 2855 1923 commune

557 1952 820 2026 pasturae
847 1947 912 2005 in
939 1943 1230 2025 praedieta
1255 1943 1404 2005 villa
1430 1944 1508 2005 de
1535 1942 1851 2023 Thimilby
1879 1943 1959 2004 ad
1986 1962 2051 2005 ee
2079 1963 2223 2005 oves
2252 1944 2731 2023 imperpetuum.

521 2162 524 2167 “
640 2152 737 2211 58.
784 2148 961 2231 [Feet
1000 2148 1066 2211 of
1106 2148 1302 2209 Fines.
1389 2148 1570 2210 Ebor.
1660 2150 1835 2208 16-19
1882 2148 2072 2209 Henr.
2106 2164 2197 2209 111.
2238 2147 2483 2290 3235}
2530 2148 2649 2210 Νο.
2688 2148 2855 2231 176.]

560 2230 708 2292 Haec
735 2240 833 2292 est
872 2277 886 2292 .
929 2276 945 2293 .
993 2275 1008 2293 .
1053 2228 1219 2309 apud
1246 2229 1450 2301 Ebor„
1480 2229 1545 2289 in
1574 2228 1823 2290 octabis
1851 2228 1909 2289 S.
1946 2229 2207 2305 Hillaiii,
2298 2238 2321 2263 ⁰
2348 2231 2481 2290 xix⁶
2508 2230 2702 2293 Henr.
2734 2246 2853 2305 111„

561 2332 760 2374 eoram
802 2311 1045 2392 Roget-o
1085 2310 1382 2386 Bertram,
1429 2310 1699 2371 Roberto
1740 2310 1820 2370 de
1858 2310 2001 2385 Ros,
2034 2311 2173 2371 Ada
2211 2310 2289 2371 de
2329 2311 2509 2373 Novo
2553 2312 2855 2385 Mercatn,

561 2392 872 2455 Willelmo
927 2391 1005 2454 de
1060 2392 1263 2465 Ebot„
1319 2400 1385 2452 et
1436 2391 1687 2453 Jollano
1749 2392 1827 2452 de
1892 2392 2149 2467 Neville,
2215 2392 2587 2454 Justiciariis
2659 2442 2674 2454 .
2748 2441 2765 2457 .
2836 2442 2852 2458 .

560 2476 721 2537 inter
775 2474 1101 2554 Rogerum,
1159 2473 1464 2534 Abbatem
1519 2474 1598 2534 de
1655 2471 1945 2548 Rievalle,
2003 2482 2379 2552 querentem,
2434 2494 2548 2553 per
2599 2474 2859 2536 fratrem

560 2556 830 2617 Alanum
871 2556 1137 2635 positum
1177 2601 1192 2615 .
1239 2601 1254 2617 .
1300 2600 1335 2629 .,
1380 2562 1446 2615 et
1484 2554 1823 2615 Robertum
1850 2553 1928 2615 (10
1964 2554 2375 2633 Everingham
2402 2563 2467 2616 et
2508 2556 2853 2631 babellum,

563 2658 818 2699 uxorem
845 2656 1036 2711 suam,
1071 2635 1491 2714 impedientem,
1535 2655 1645 2716 per
1683 2635 1726 2696 J
1731 2636 2031 2697 ohannem
2060 2636 2138 2697 de
2180 2636 2543 2717 Rosington‚
2588 2638 2858 2717 positum

565 2720 629 2780 in
658 2719 787 2781 loeo
815 2718 1008 2797 ipsius
1037 2716 1310 2778 Ieabellae
1353 2762 1366 2777 .
1413 2765 1428 2779 .
1473 2762 1511 2790 .‚
1558 2716 1634 2778 de
1662 2716 1811 2777 villa
1836 2717 1914 2779 de
1958 2717 2322 2793 Hadeltona,
2370 2739 2507 2780 cum
2550 2720 2859 2799 pertinen·

565 2801 692 2873 eiis,
735 2800 1005 2879 exeeptis
1046 2818 1170 2859 una
1208 2798 1432 2859 bovata
1472 2807 1538 2858 et
1578 2799 1684 2859 xvi
1727 2799 1880 2859 aeris
1920 2806 2099 2860 terrae
2141 2846 2154 2861 .
2202 2846 2215 2861 .
2262 2846 2301 2875 .,
2354 2800 2518 2861 unde
2568 2799 2861 2879 placitum

569 2881 908 2942 warrantiae
943 2888 1124 2941 cartae
1165 2881 1603 2940 summonitum
1634 2879 1755 2939 fuit
1782 2880 1943 2941 inter
1971 2900 2073 2941 eos
2101 2881 2166 2940 in
2194 2882 2406 2942 eadem
2436 2882 2861 2955 Curia—soil„

569 2960 734 3043 quod
764 2961 1034 3040 praedieti
1063 2960 1367 3022 Robertue
1397 2968 1460 3021 et
1489 2960 1748 3021 Isabella
1772 2973 2254 3041 recognoverunt
2284 2974 2479 3023 totam
2507 2964 2861 3043 praedictam

572 3043 780 3104 villam
823 3089 838 3102 .
883 3090 898 3105 .
947 3088 982 3117 .,
1015 3042 1286 3121 exceptis
1315 3042 1607 3121 praedicta
1632 3042 1857 3103 bovata
1884 3054 1948 3104 et
1976 3043 2080 3103 xvi
2124 3045 2276 3104 acris
2316 3056 2497 3105 terrae
2538 3091 2555 3106 .
2602 3090 2616 3105 .
2662 3092 2681 3107 .
2734 3064 2861 3105 enee

571 3124 890 3267 {iggpeiuz
915 3123 1176 3265 {Eblatis
1201 3132 1265 3184 et
1295 3122 1725 3265 Ecclesiaehsuff
1752 3122 1830 3265 dte
1852 3123 2148 3266 {liegallffi
2178 3124 2661 3267 ffdfflaglflllssm
2688 3126 2863 3221 ’idem

719 3224 858 3265 ase
1015 3224 1195 3266 ceeia
1241 3224 1531 3267 sua...
1622 3224 1776 3265 aen
1897 3226 1929 3266 0
2022 3225 2141 3267 ono
2288 3227 2338 3267 ae
2445 3228 2487 3267 u
2586 3222 2721 3281 etri,
2766 3226 2863 3269 avi

617 3285 880 3347 raedietae
924 3285 1218 3356 Isabellae,
1268 3286 1444 3364 eujus
1491 3286 1685 3346 haeree
1732 3286 1863 3364 ipsa
1908 3294 2017 3349 est.
2124 3286 2206 3347 Et
2254 3299 2547 3368 praeterea
2594 3287 2864 3367 praetlicti

675 3369 884 3428 bertus
931 3377 995 3428 et
1041 3366 1302 3427 Isabella
1341 3376 1824 3447 recognoverunt
1865 3377 1929 3428 et
1968 3367 2333 3429 remiserunt
2369 3368 2538 3430 illam
2580 3370 2863 3431 bovatam

578 3458 759 3511 terrae
799 3496 815 3513 .
861 3496 876 3510 .
923 3496 936 3511 .
982 3448 1050 3509 in
1092 3447 1443 3519 Hadilwna,
1477 3468 1659 3527 quam
1703 3448 1865 3509 idem
1906 3450 2115 3511 Abbas
2164 3457 2228 3511 et
2266 3450 2534 3511 Ecclesia
2574 3471 2688 3512 sua
2730 3499 2745 3513 .
2788 3498 2803 3513 .
2846 3496 2861 3511 .

581 3530 812 3593 habent
837 3530 914 3593 de
942 3529 1104 3591 dono
1147 3529 1375 3590 Priorie
1415 3529 1492 3590 de
1535 3530 1819 3605 Boulton‚
1852 3540 1916 3591 et
1956 3532 2062 3591 xvi
2104 3552 2273 3593 acras
2314 3541 2491 3593 terrae
2532 3580 2546 3593 .
2596 3580 2609 3594 .
2654 3580 2670 3595 .
2721 3552 2863 3612 quas

581 3612 813 3674 habent
837 3612 915 3673 de
942 3612 1106 3673 dono
1132 3611 1175 3672 J
1178 3611 1433 3671 ohannis
1461 3611 1537 3672 de
1570 3611 1872 3690 Castellay
1902 3612 1967 3672 in
1995 3612 2206 3674 eadem
2236 3612 2399 3685 villa,
2430 3624 2495 3674 et
2522 3614 2589 3674 ix
2620 3614 2867 3676 bovatas

585 3702 779 3768 terrae,
810 3702 876 3753 et
913 3692 1307 3754 medietatem
1349 3693 1530 3753 unius
1570 3693 1905 3754 molendini
1944 3738 1960 3757 .
2006 3740 2022 3757 .
2067 3740 2083 3755 .
2128 3694 2191 3754 in
2222 3693 2693 3774 Cullingwrth,
2725 3714 2868 3776 quae

583 3774 813 3836 habent
849 3774 927 3835 de
968 3773 1129 3835 dono
1169 3773 1425 3836 Roberti
1465 3774 1544 3835 de
1586 3774 1865 3854 Maynill,
1895 3783 1962 3835 et
2000 3774 2068 3834 iii
2110 3776 2363 3837 bovatas
2404 3787 2582 3837 terrae
2624 3823 2641 3838 .
2682 3824 2699 3839 .
2747 3825 2766 3840 .
2808 3778 2867 3838 in

587 3854 800 3917 eadem
841 3854 1004 3929 villa,
1036 3876 1188 3934 quas
1229 3856 1457 3916 habent
1497 3856 1577 3917 de
1618 3855 1993 3917 Monialibus
2035 3856 2113 3917 de
2154 3856 2385 3931 Esholt‚
2418 3867 2485 3919 et
2524 3858 2593 3918 iii
2620 3860 2869 3920 bovatas

589 3947 766 3999 terrae
807 3982 822 3997 .
867 3983 882 4001 .
929 3982 944 3997 .
979 3934 1096 4021 [in]
1126 3936 1458 4017 Fagheder,
1490 3956 1628 4016 quae
1669 3947 1815 3999 sunt
1854 3938 1919 3997 in
1960 3937 2142 3999 feodo
2184 3937 2486 4000 dictorum
2528 3938 2787 4001 Roberti
2813 3948 2873 4001 et

591 4017 878 4093 Ieabellae,
936 4038 1065 4079 esse
1119 4018 1221 4097 jus
1275 4018 1466 4098 ipsius
1519 4018 1782 4080 Abbatis
1838 4026 1903 4079 et
1957 4018 2237 4081 Ecclesioe
2286 4040 2409 4081 suae
2455 4021 2536 4082 de
2584 4021 2869 4094 Biavana,

592 4100 893 4163 Habenda
931 4145 946 4163 .
991 4146 1006 4161 .
1053 4146 1068 4161 .
1113 4099 1313 4161 eidem
1361 4100 1591 4161 Abbati
1632 4146 1646 4160 .
1692 4146 1705 4160 .
1752 4147 1769 4163 .
1814 4108 1879 4160 et
1932 4100 2211 4162 Ecclesiae
2264 4121 2390 4163 suae
2443 4101 2522 4163 de
2576 4103 2873 4182 praedictis

593 4183 860 4245 Roberto
898 4191 962 4243 et
1001 4180 1272 4253 flabella,
1319 4190 1383 4241 et
1423 4181 1766 4243 haeredibus
1808 4182 1996 4262 ipsius
2032 4182 2325 4257 Isabellae,
2369 4184 2435 4243 in
2468 4182 2871 4255 elemosinam,

594 4260 1464 4344 imperpetuum—Reddendo
1493 4262 1636 4324 inde
1664 4264 1981 4325 annuatim
2009 4264 2385 4342 Capitalibus
2413 4264 2697 4327 Dominis
2717 4264 2872 4327 feodi

594 4345 757 4407 illiue
783 4364 894 4426 pro
921 4343 1224 4425 praedictie
1251 4343 1519 4405 Roberto
1548 4351 1613 4405 et
1640 4344 1913 4419 habena,
1939 4353 2003 4406 et
2022 4345 2364 4407 haeredibus
2382 4346 2573 4426 ipsius
2590 4346 2875 4418 Isabellae,

1085 4504 1100 4534 ¹
1135 4500 1378 4567 Poeeibly
1403 4500 1609 4568 Ilgerue
1631 4516 1692 4553 or
1712 4500 1997 4568 Hylgerus.
2070 4502 2170 4555 See
2192 4518 2243 4569 p.
2270 4504 2350 4555 56.
