3075 5009
900 505 1377 556 eanrunamuu
1404 505 1871 556 nmvstmss.
2407 495 2526 556 191

245 667 518 734 dilectos
538 663 709 730 filios
730 670 1002 743 nostros,
1024 663 1383 742 Silvanum,
1403 663 1749 742 Abbatem,
1772 669 1841 729 et
1861 664 2090 730 fratres
2111 663 2194 729 de
2215 664 2526 745 Rievalle,
2550 679 2696 772 ¹²⁰⁸?
2713 680 2765 724 or
2809 734 2820 744 ,

243 764 315 820 et
340 753 817 819 Monasterium
859 751 989 816 sibi
1031 752 1465 829 commissum,
1495 770 1648 816 cum
1691 751 1993 817 omnibus
2036 752 2224 817 bonis
2266 758 2336 817 et
2375 772 2524 838 pos-
2548 730 2862 834 {Zrhimmffr'

244 841 641 908 sessionibus
669 840 829 924 ejus,
858 839 984 904 sub
1014 838 1086 903 B.
1121 838 1299 903 Petri
1325 844 1394 903 et
1423 843 1648 903 nostra
1673 839 2073 924 protectione
2103 838 2524 924 suscepimus,
2547 833 2810 934 ζξξῑζζὲωᾱ

244 936 313 994 et
340 929 437 994 eis
476 926 896 1012 privilegium
933 931 1229 990 nostrum
1270 924 1684 990 indulsimus,
1773 925 1987 1004 Unde,
2023 946 2229 1010 quum
2268 925 2526 991 eosdem
2547 933 2719 976 violent

243 1014 573 1082 Abbatem
600 1021 671 1080 et
696 1015 927 1078 fratres
954 1032 1150 1096 super
1175 1012 1363 1078 bonis
1392 1017 1461 1076 et
1487 1012 2000 1097 possessionibus
2041 1033 2176 1078 sms
2221 1011 2525 1078 nolumus
2547 985 2851 1128 ἓῆἳιῗέῃτῗο

243 1123 285 1168 a
305 1121 635 1188 quoquam
652 1100 942 1165 indebite
962 1099 1311 1176 molestari,
1331 1099 1729 1164 fraternitati
1748 1107 1981 1165 vestrae
2000 1119 2118 1184 per
2145 1099 2526 1185 Apostolica
2549 1086 2818 1180 ssfflffiff

243 1190 490 1274 scripta
537 1185 971 1273 praecipiendo
1008 1186 1394 1287 mandamus
1452 1186 1780 1288 quatinus,
1824 1187 1888 1286 si
1921 1186 2160 1271 aliquis
2202 1187 2524 1288 parrochi-
2548 1201 2600 1232 ⁰¹
2613 1188 2676 1230 ¹⁶·
2727 1243 2835 1286 [ons.

245 1296 520 1341 anorum
552 1280 933 1352 vestrorum,
960 1281 1077 1338 aut
1113 1273 1246 1350 alu,
1276 1292 1471 1356 super
1505 1273 2018 1358 possessionibus
2068 1293 2221 1352 81118,
2251 1294 2414 1359 quas
2451 1295 2525 1338 1n

244 1363 487 1429 diocesi
511 1369 733 1428 vestra
760 1367 978 1427 tenere
1006 1368 1381 1437 noscuntur,
1410 1380 1646 1425 vexare
1674 1361 2174 1446 praesumpserit,
2203 1381 2318 1426 vos
2349 1381 2457 1426 eos
2486 1382 2527 1426 a

244 1450 611 1516 temeritate
670 1447 1043 1531 hujusmodi
1100 1445 1453 1533 episcopali
1501 1446 1884 1513 auctoritate
1935 1447 2058 1514 sub
2093 1447 2526 1514 anathematis

246 1536 649 1602 districtione
706 1534 1095 1601 omnimodis
1151 1533 1593 1618 compescatis,
1634 1541 1703 1598 et
1759 1539 2112 1600 memorato
2160 1535 2410 1600 Abbati
2459 1544 2527 1600 et

244 1624 555 1689 fratribus
612 1623 871 1688 easdem
927 1640 1303 1687 conservare
1360 1620 1678 1686 studeatis
1729 1627 1798 1686 et
1853 1622 2132 1688 viriliter
2175 1622 2524 1687 defensare.

244 1711 512 1789 Verum
556 1709 614 1775 si
656 1711 774 1794 qui
816 1709 1121 1774 adversus
1164 1707 1312 1773 illos
1356 1727 1553 1792 super
1593 1708 1700 1772 his
1741 1729 1929 1793 agere
1971 1711 2136 1774 forte
2185 1709 2528 1787 voluerint,

246 1799 373 1863 sub
402 1799 701 1863 examine
729 1802 944 1862 vestro
972 1815 1193 1862 secum
1220 1794 1457 1860 exinde
1477 1793 1823 1878 judiciario
1853 1796 2078 1861 ordine
2097 1796 2528 1880 experiantur,

246 1905 371 1950 nec
400 1903 509 1950 eos
538 1902 733 1968 super
758 1882 1091 1967 aliquibus
1119 1881 1632 1967 possessionibus
1663 1883 1799 1948 suis
1828 1884 1955 1948 sibi
1983 1890 2101 1948 aut
2129 1884 2528 1948 Monasterio

246 1972 554 2123 ⁸¹¹⁰qu
586 1970 972 2122 ssssssffssfnssn
985 1968 2529 2122 stffiffisssrnrfffflfflwsstmffffi

238 2079 565 2230 fficium
624 2077 1073 2229 quoquomofllio
1131 2144 1363 2210 subire.
1456 2142 1528 2207 Si
1588 2078 1808 2208 autelm
1866 2144 1940 2209 in
1982 2143 2086 2208 his
2122 2079 2530 2229 ’exequen‘liis

244 2231 649 2384 tfflffim
667 2228 2530 2384 {ffiffifflfflzisffizssffissgffisszssffisstssffss’fssm

243 2427 365 2492 per
393 2371 553 2472 alios
570 2339 767 2470 gsluaatn
798 2339 1108 2471 faciamus
1130 2336 1459 2488 justitiarin
1480 2404 1791 2471 exhiberi.
1882 2405 2129 2470 Datum
2153 2405 2532 2484 Beneventi,

246 2493 371 2558 xiii
399 2493 527 2559 kal.
556 2491 953 2558 Decembris.

245 2717 568 2786 CCLVII.
609 2717 1011 2783 LITTERAE
1039 2717 1389 2783 DOMINI
1418 2716 1680 2782 PAPAE
1705 2716 2126 2782 DIRECTAE
2167 2717 2528 2784 ROGERO

420 2818 1144 2884 ARCHIEPISCOPO
1216 2817 1343 2882 DE
1412 2817 1798 2884 DECIMIS
1868 2818 2321 2884 ECCLESIAE
2405 2819 2532 2884 DE

420 2918 1059 2984 WELLEBRUNE.

335 3054 729 3132 Alexander,
757 3055 1135 3142 Episcopus,
1162 3102 1179 3118 .
1210 3103 1225 3119 .
1256 3104 1273 3119 .
1305 3054 1574 3140 Regem,
1592 3053 1780 3120 Ebor.
1810 3053 2330 3141 Archiepiscopo,
2359 3055 2530 3142 Apo-
2555 3083 2712 3126 sem„

247 3143 497 3209 stolicae
526 3143 711 3208 Sedis
743 3143 981 3227 Legato
1022 3191 1040 3208 .
1088 3192 1103 3207 .
1148 3191 1163 3206 .
1197 3141 1365 3207 Cum
1394 3142 1499 3205 vir
1526 3141 1618 3206 sis
1646 3141 1977 3207 litteratus
2008 3151 2076 3207 et
2103 3142 2420 3209 discretus
2461 3151 2529 3210 et
2551 3133 2814 3235 3332·ss

250 3230 535 3318 [noscas]
579 3239 900 3315 quantum
928 3235 995 3294 te
1025 3228 1250 3294 deceat
1275 3227 1714 3314 pontificalem
1743 3229 2130 3294 modestiam
2159 3238 2227 3295 et
2255 3231 2522 3296 maturi-
2553 3236 2672 3327 1’033
2689 3235 2848 3326 affixio

248 3325 457 3383 tatem
474 3317 499 3357 ¹
558 3337 829 3394 servare,
880 3336 1075 3401 super
1130 3315 1479 3400 prudentia
1535 3324 1652 3380 tua
1709 3315 2124 3382 vehementer
2179 3317 2418 3397 mirari,
2461 3324 2529 3384 et
2550 3297 2833 3387 2¹}ch'1212110p

246 3405 557 3470 adversus
586 3409 653 3468 te
674 3403 939 3482 moveri,
968 3401 1433 3488 compellimur,
1463 3403 1636 3487 quod
1665 3401 1836 3467 viros
1867 3403 2222 3488 Religiosos
2251 3405 2528 3470 nimium
2553 3387 2764 3479 ξ’ἓξξοῗῖ

248 3491 530 3576 affligere
573 3490 825 3568 diceris,
852 3490 1160 3557 indebitis
1200 3489 1580 3574 perturbare
1622 3489 1954 3568 molestiiS,
1983 3491 2220 3574 quibus
2263 3492 2527 3558 deberes
2552 3489 2744 3530 “mm
2758 3488 2809 3529 ⁰¹

245 3579 557 3644 affectum
582 3576 1012 3642 humanitatis
1041 3584 1110 3642 et
1132 3577 1359 3662 gratiae
1385 3576 1705 3655 exhibere,
1727 3583 1794 3641 et
1822 3597 2044 3642 eorum
2063 3579 2210 3662 paci
2231 3586 2299 3644 et
2319 3580 2526 3681 quieti
2551 3539 2857 3631 ξίξεοὲοῗιῗῗοῢ

248 3673 523 3752 paterna
555 3663 993 3730 sollicitudine
1020 3663 1369 3749 providere.
1460 3663 1646 3728 Inter
1687 3669 1932 3742 caetera,
1959 3665 2300 3751 siquidem,
2330 3667 2528 3732 (11180-
2551 3640 2757 3733 &effi
2765 3639 2843 3732 ‘3¹1⁰

248 3763 469 3818 torum
527 3751 811 3818 filiorum
868 3757 1253 3828 nostrorum,
1310 3751 1587 3816 Abbatis
1645 3757 1714 3816 et
1769 3752 2044 3816 fratrum
2102 3753 2183 3818 de
2239 3754 2533 3819 Rievalle
2557 3741 2789 3786 mmuh·

251 3839 726 3925 querimoniam
758 3859 1022 3924 gravem
1048 3838 1425 3922 recepimus,
1455 3836 1629 3922 quod
1673 3858 1892 3902 eorum
1935 3839 2292 3904 Ecclesiam
2333 3841 2532 3906 inter-

252 3927 433 3993 dicto
463 3926 881 4011 supposuisti,
908 3925 1260 3990 monachos
1290 3925 1722 3990 comminatus
1751 3945 1819 3990 es
1850 3928 2536 3994 excommunicationis

252 4013 520 4079 vinculo
563 4013 889 4091 innodare,
923 4013 1128 4078 donec
1170 4011 1429 4076 cuidam
1473 4011 1705 4078 clerico
1749 4013 1851 4078 tui
1895 4013 2176 4079 decimas
2221 4015 2538 4100 compulsi

255 4102 393 4167 sint
418 4099 687 4166 reddere
710 4120 875 4184 quas
896 4100 977 4177 ei,
997 4097 1309 4164 beneficio
1338 4099 1826 4184 privilegiorum
1855 4120 2138 4178 suorum,
2161 4103 2541 4186 Apostolica

256 4187 459 4254 Sedes
502 4187 793 4253 noscitur
819 4185 1181 4252 indulsisse.
1273 4185 1485 4263 Unde,
1513 4207 1720 4270 quum
1763 4193 2070 4272 gravatus
2117 4208 2186 4254 es
2203 4188 2230 4227 ²
2271 4189 2541 4255 auctori·

320 4323 507 4375 ι’Πιίιι
548 4321 1035 4374 seemstobethe
1064 4320 1194 4386 only
1224 4335 1342 4387 pos·
1456 4320 1636 4372 which
1691 4321 1738 4372 is
1795 4321 2058 4387 certainly
2111 4322 2386 4376 incorrect.
2490 4324 2546 4376 If

252 4389 391 4441 sible
443 4389 733 4468 expansion
777 4387 834 4439 of
887 4387 983 4438 the
1034 4386 1345 4438 contr-acted
1456 4393 1706 4450 mamus
1725 4403 1778 4437 es
1798 4386 1865 4437 be
1883 4387 2028 4448 read,
2055 4402 2116 4437 as
2137 4389 2185 4438 it
2204 4389 2384 4440 would
2403 4405 2544 4440 seem

252 4453 403 4506 word
425 4453 602 4504 which
624 4469 809 4504 occurs
830 4452 971 4503 here.
1458 4453 1507 4502 it
1526 4456 1688 4514 must,
1711 4450 1819 4501 and
1839 4452 1934 4503 the
1944 4453 2100 4503 usual
2113 4452 2380 4519 deponent
2394 4471 2546 4506 sense

321 4520 344 4552 ²
375 4519 509 4570 This
561 4519 609 4570 is
662 4519 883 4570 written
935 4523 1189 4582 qravatus
1253 4522 1345 4578 est,
1460 4516 1518 4567 of
1561 4517 1654 4567 the
1697 4516 1827 4567 verb
1870 4516 1937 4567 be
1979 4517 2248 4584 accepted,
2287 4534 2349 4569 80
2389 4535 2450 4570 as
2487 4527 2548 4572 to
