3075 5009
569 487 693 547 364
1219 498 1697 548 GARTULARIUM
1726 498 2189 547 nvaLLENSE.

563 654 928 736 disponendi
967 654 1047 718 de
1085 654 1206 717 inis
1247 654 1503 717 liberam
1529 656 1851 737 optineant
1874 654 2245 717 facultatem.
2334 654 2638 717 Interiora
2664 654 2869 717 etiam

565 737 921 813 ministeria,
949 744 1167 816 utpote
1192 736 1763 814 Archidiaconatus‚
1793 736 2160 812 Decanatus‚
2204 743 2269 799 et
2296 736 2416 799 alia
2441 756 2579 816 quae
2618 736 2871 799 habent

566 818 906 881 animarum
934 838 1144 880 curam
1170 818 1490 893 adnexam,
1520 818 1725 880 nullus
1766 818 2016 881 omnino
2048 818 2206 880 susci
2248 818 2353 894 iat,
2384 817 2492 880 sed
2529 836 2643 879 nec
2684 836 2875 897 paro-

566 900 854 963 chialium
898 899 1170 980 regimen
1211 899 1611 976 ecclesiarum,
1656 900 1775 961 nisi
1820 900 1928 979 qui
1961 899 2217 982 mptum
2286 919 2518 961 annum
2556 897 2867 979 attigerit,

567 987 634 1041 et
685 980 941 1043 scientia
966 989 1032 1042 et
1083 981 1355 1042 moribus
1409 981 1907 1044 commendabilis
1962 981 2205 1043 existat.
2322 979 2385 1075 4]
2432 981 2591 1043 Cum
2644 987 2871 1041 autem

566 1069 914 1157 assumptus
953 1060 1158 1137 hierita,
1203 1061 1257 1123 si
1294 1062 1778 1125 Archidiaconus
1820 1063 1887 1125 in
1934 1062 2250 1125 diaconem
2314 1060 2434 1143 st,
2480 1061 2751 1123 decanus
2798 1068 2871 1122 et

567 1143 788 1223 reliqui
803 1143 1122 1205 ammoniti
1149 1162 1273 1205 non
1298 1143 1532 1205 fuerint
1558 1145 1807 1224 praefixo
1834 1164 1873 1205 a
1896 1144 2228 1205 canonibus
2254 1150 2529 1223 tempore
2548 1143 2615 1204 in
2631 1142 2874 1223 presbi-

567 1230 734 1286 teros
773 1224 1058 1299 ordinati,
1087 1232 1154 1285 et
1191 1224 1271 1286 ab
1310 1224 1418 1287 illo
1459 1232 1889 1289 removeantur
1927 1225 2138 1301 officio,
2171 1231 2237 1286 et
2274 1224 2383 1285 alii
2422 1224 2714 1285 offeratur
2750 1223 2871 1303 qui

567 1305 722 1367 velit
759 1312 826 1367 et
945 1306 1057 1367 ssit
1103 1306 1536 1369 convenienter
1574 1306 1732 1368 illud
1770 1305 2041 1386 implere.
2122 1305 2255 1368 Nec
2295 1306 2491 1385 prosit
2530 1306 2617 1367 eis
2658 1304 2875 1385 appel-

567 1385 816 1448 lationis
890 1387 1180 1468 ‘ffugium‚
1211 1387 1264 1449 si
1303 1387 1464 1450 forte
1503 1388 1571 1449 in
1609 1387 2150 1470 transgressionem
2184 1386 2639 1449 constitutionis
2666 1387 2875 1467 ipsius

569 1487 678 1547 per
703 1467 1177 1548 appellationem
1202 1467 1466 1531 voluerit
1493 1489 1559 1531 se
1587 1470 1763 1531 tueri.
1850 1468 1999 1531 Haec
2040 1488 2185 1530 sane
2226 1488 2352 1531 non
2392 1468 2593 1529 solum
2619 1467 2699 1529 de
2726 1487 2875 1548 pro-

569 1549 906 1624 movendis,
964 1548 1072 1611 sed
1125 1549 1203 1611 de
1257 1550 1379 1611 illis
1435 1550 1544 1629 qui
1590 1551 1719 1631 jam
1772 1559 1917 1613 sunt
1970 1549 2251 1630 promoti,
2310 1549 2366 1611 si
2418 1568 2681 1612 canones
2733 1568 2869 1611 non

569 1630 886 1705 obsistant,
917 1630 1094 1710 praeci
1137 1630 1297 1692 imus
1333 1631 1727 1694 observanda.
1813 1631 2033 1694 Clerici
2072 1651 2236 1707 sane,
2266 1630 2319 1692 si
2361 1638 2575 1693 contra
2598 1630 2869 1692 formam

570 1710 752 1771 istam
774 1730 1076 1791 quemque
1095 1650 1231 1853 esic]
1257 1711 1569 1793 elegerint,
1594 1719 1660 1775 et
1686 1713 1949 1793 eligendi
1974 1720 2123 1774 tunc
2149 1720 2454 1792 potestate
2481 1712 2778 1793 privatos,
2802 1720 2871 1773 et

571 1812 609 1852 a
660 1792 966 1855 beneficiis
1021 1812 1122 1854 ecc
1147 1794 1438 1855 esiasticis
1507 1814 1572 1856 se
1640 1795 1926 1856 noverint
1993 1813 2123 1855 esse
2183 1794 2447 1855 triennio
2516 1812 2867 1873 suspensos.

568 1871 842 1954 Dignum
869 1874 1032 1935 enim
1067 1881 1162 1935 est
1201 1882 1274 1935 ut
1313 1895 1466 1954 quos
1493 1876 1679 1937 timor
1703 1874 1825 1937 Dei
1851 1896 1889 1937 a
1914 1874 2074 1936 malo
2100 1894 2225 1935 non
2264 1882 2528 1950 revocat,
2560 1874 2875 1935 ecclesias-

569 1953 706 2015 ticae
725 1954 942 2017 saltem
961 1954 1274 2017 coherceat
1301 1956 1593 2019 severitas
1622 1955 1973 2037 disciplinae.
2056 1955 2408 2036 Episcopus,
2439 1956 2491 2017 si
2518 1964 2630 2017 aut
2649 1954 2871 2016 fecerit

571 2043 786 2096 contra
823 2036 954 2111 hoc,
987 2044 1096 2098 aut
1137 2038 1510 2100 consenserit
1557 2038 1708 2113 fieri,
1750 2038 1817 2100 in
1859 2036 2241 2100 conferendis
2282 2035 2591 2118 praedictis
2632 2036 2864 2111 officiis,

653 2124 939 2179 testatem
993 2137 1164 2179 suam
1219 2119 1482 2194 amittat,
1527 2126 1593 2180 et
1645 2126 1755 2181 aut
1810 2138 1919 2199 per
1957 2117 2331 2199 Capitulum,
2374 2126 2485 2181 aut
2524 2118 2715 2179 etiam
2752 2136 2871 2197 per

640 2198 1129 2279 etropolitanum‚
1161 2199 1213 2261 si
1241 2220 1350 2279 per
1376 2200 1732 2281 Capitulum
1758 2199 2029 2263 ordinari
2054 2199 2420 2280 nequierint,
2452 2199 2869 2262 ordinentur.1

655 2414 710 2473 4.
755 2426 874 2473 XII.
919 2411 1078 2474 Cum
1133 2412 1424 2493 placitare
1479 2432 1711 2474 sacram
1750 2412 2108 2493 religionem
2141 2420 2207 2474 et
2245 2412 2453 2475 fovere
2509 2410 2873 2493 placitatam

569 2492 768 2555 modis
808 2493 1092 2556 omnibus
1132 2493 1481 2570 debeamus,
1511 2514 1829 2573 nunquam
1876 2494 2095 2556 melius
2134 2493 2251 2557 hoc
2291 2494 2655 2573 exequimur
2682 2513 2874 2573 quam

573 2574 627 2635 si
673 2575 909 2636 nutrire
947 2575 1015 2635 in
1056 2594 1128 2635 ea
1169 2594 1306 2654 quae
1354 2583 1522 2637 recta
1570 2584 1734 2650 sunt,
1766 2583 1833 2637 et
1878 2576 2178 2656 corrigere
2225 2596 2363 2656 quae
2404 2575 2483 2636 ad
2526 2573 2873 2655 profectum

571 2656 823 2717 virtutis
877 2655 1236 2735 impediunt,
1285 2656 1604 2719 commissa
1654 2656 1829 2719 nobis
1880 2676 1917 2718 a
1956 2656 2091 2719 Deo
2148 2656 2517 2719 auctoritate
2564 2675 2871 2718 curemus.

572 2736 860 2798 Fratrum
900 2738 1280 2813 auctoritate,
1311 2744 1377 2799 et
1417 2738 1927 2819 co-episcoporum
1966 2744 2317 2799 nostrorum
2357 2737 2709 2799 vehementi
2735 2757 2877 2799 con-

571 2818 910 2898 questione,
939 2819 1339 2899 comperimus
1378 2818 1545 2898 quod
1586 2818 1805 2881 fratres
1849 2819 2089 2900 Templi
2135 2827 2200 2881 et
2240 2818 2597 2900 Hospitalis,
2627 2825 2693 2879 et
2720 2817 2877 2892 alii?

573 2899 872 2981 religiosae
920 2900 1308 2980 professionis
1355 2900 1600 2962 indulta
1643 2900 1760 2963 sibi
1807 2900 1887 2961 ab
1948 2899 2303 2981 Apostolica
2344 2900 2505 2962 Sede
2550 2899 2877 2979 privilegia

575 2981 956 3057 excedentes,
1007 2988 1218 3042 contra
1271 2981 1677 3062 episcopalem
1731 2982 2159 3043 auctoritatem
2218 2981 2416 3044 multa
2472 2988 2873 3061 praesumunt,

575 3081 712 3141 quae
769 3070 833 3124 et
879 3062 1231 3124 scandalum
1279 3063 1515 3124 faciunt
1554 3064 1622 3124 in
1664 3062 1888 3143 populo
1935 3062 2073 3137 Dei,
2118 3070 2182 3125 et
2220 3083 2407 3143 grave
2448 3060 2549 3143 [4¹³
2622 3062 2877 3142 pariunt

577 3142 916 3204 animarum
983 3143 1334 3222 periculum.
1447 3143 1906 3223 Proposuerunt
1973 3144 2138 3206 enim
2206 3144 2375 3224 quod
2443 3164 2543 3207 ecc
2568 3144 2726 3205 esias
2795 3142 2875 3205 de

575 3242 763 3285 manu
790 3224 1082 3286 laicorum
1123 3225 1436 3305 recipiant,
1467 3226 2023 3288 excommunicatos
2062 3232 2128 3287 et
2166 3225 2529 3288 interdictos
2560 3222 2641 3286 ad
2684 3245 2875 3285 sacra-

577 3313 788 3367 menta
835 3305 1235 3368 ecclesiastica
1263 3315 1327 3368 et
1373 3306 1750 3387 sepulturam
1798 3306 2147 3383 admittant,
2197 3307 2265 3369 in
2319 3306 2555 3369 cunctis
2604 3305 2875 3368 ecclesiis

577 3387 718 3462 suis,
749 3395 972 3467 praeter
999 3407 1208 3449 eorum
1249 3388 1664 3465 conscientias,
1696 3395 1761 3450 et
1801 3388 2133 3449 instituant
2174 3395 2239 3450 et
2276 3388 2647 3450 admoveant
2688 3406 2877 3449 sacer-

580 3468 774 3544 dotes,
833 3477 898 3530 et
965 3467 1256 3531 fratribus
1320 3489 1530 3531 eorum
1586 3469 1665 3530 ad
1723 3468 2080 3531 elemosinas
2139 3470 2496 3549 quaerendas
2564 3469 2873 3545 euntibus,

581 3570 722 3611 cum
797 3549 1108 3612 indultum
1185 3550 1268 3612 sit
1341 3558 1430 3628 ut,
1509 3550 1575 3611 in
1644 3570 1857 3613 eorum
1940 3550 2228 3625 adventu,
2306 3550 2492 3612 semel
2568 3551 2636 3611 in
2712 3570 2873 3612 anno

577 3651 616 3692 a
695 3631 930 3693 riantur
999 3631 1282 3707 ecclesiae,
1360 3640 1545 3712 atque
1614 3630 1826 3693 divina
1906 3632 1972 3693 in
2040 3632 2127 3695 eis
2196 3631 2575 3694 celebrentur
2658 3631 2871 3708 officia,

579 3652 786 3792 pffires
813 3733 892 3773 ex
932 3713 1018 3774 eis
1062 3714 1139 3775 de
1179 3733 1300 3774 una
1341 3714 1471 3775 sive
1512 3712 1592 3775 de
1640 3713 1897 3775 diversis
1925 3713 2205 3775 domibus
2246 3714 2465 3793 saepius
2494 3711 2871 3787 accedentes,

580 3792 962 3873 indulgentia
1016 3794 1473 3876 privilegiorum
1513 3801 1880 3869 nostrorum,
1926 3804 1991 3857 et
2030 3796 2095 3855 in
2138 3794 2515 3857 celebrandis
2558 3794 2767 3855 officiis
2809 3801 2876 3857 et

580 3874 942 3955 sepeliendis
981 3877 1256 3953 mortuis,
1286 3876 1639 3953 abutantur,
1683 3882 1749 3938 et
1788 3876 1939 3938 item
1980 3876 2141 3957 apud
2190 3875 2546 3939 interdictas
2594 3874 2873 3939 ecclesias

581 3963 852 4017 mortuos
907 3956 1161 4037 sepelire
1215 3966 1602 4037 praesumant.
1718 3957 2046 4019 Occasione
2102 3977 2343 4039 quoque
2392 3956 2869 4033 fraternitatum,

582 4057 733 4117 quas
779 4037 847 4098 in
895 4038 1172 4118 pluribus
1209 4038 1358 4100 locis
1399 4040 1807 4114 constituunt,
1847 4039 2035 4101 robur
2080 4038 2438 4120 episcopalis
2492 4038 2874 4100 auctoritatis

582 4126 897 4195 enervant,
953 4119 1098 4181 dum
1156 4126 1368 4181 contra
1421 4139 1633 4182 eorum
1702 4122 2071 4183 sententiam
2125 4120 2237 4181 sub
2292 4119 2636 4200 aliquorum
2690 4118 2876 4198 privi-

580 4200 879 4282 legiorum
923 4201 1195 4275 obtentu,
1227 4202 1466 4263 munire
1508 4209 1758 4263 cunctos
1797 4202 2131 4263 intendunt
2157 4201 2263 4281 qui
2304 4200 2383 4263 ad
2424 4220 2636 4263 eorum
2662 4198 2874 4262 frater—

617 4369 673 4483 i²
704 4370 876 4485 Τιὶὲοεο
913 4370 1070 4487 ἵζοι-ξε
1085 4370 1286 4487 ’ξυςξῧ
1319 4370 1456 4487 Ῑέἒῐὼ
1499 4376 1569 4488 tp
1603 4372 1673 4488 ΒΞ
1784 4372 2157 4489 εἰοηξοῐεπῗιι
2164 4372 2264 4489 3110
2277 4370 2532 4487 ιιιιιιιὶίοη
2544 4370 2875 4437 throughout

587 4449 885 4552 {hffihssie
905 4501 953 4552 is
967 4452 1068 4553 ῗιιο
1082 4452 1244 4553 {aa}
1257 4506 1370 4553 sort
1398 4452 1671 4554 ofn‘e'offfu-
1784 4443 2073 4567 m3⁰o2foof
2088 4452 2423 4565 ιῖᾱιῗιῗὲἷίιῖῗ
2436 4474 2679 4553 iia-artos
2701 4501 2845 4555 here.
