3075 5009
577 461 706 523 348
1232 473 1706 523 canrtmuumr
1734 472 2201 523 ammiras.

573 628 744 696 torio
773 631 856 697 de
883 630 1006 697 Est
1034 631 1353 718 Harlesey
1381 632 1708 717 praedicta,
1724 653 1933 717 nuper
1959 632 2032 699 in
2053 638 2287 697 tenura
2313 632 2579 698 Thomae
2602 632 2879 713 Butter,

577 718 754 784 dicto
783 739 993 804 nuper
1018 719 1409 785 monasterio
1437 720 1520 785 de
1564 718 1841 804 Ryvalle
1884 720 2136 785 dudum
2178 719 2541 805 spectantia
2568 726 2637 785 et
2664 721 2879 804 perti-

578 808 846 871 nentia:
891 827 968 871 ac
1009 826 1218 871 unum
1261 806 1588 891 cotagium
1631 814 1943 884 nostrum,
1987 827 2139 872 cum
2180 806 2618 891 pertinenciis,
2640 808 2881 891 jacens

577 893 649 957 in
679 893 802 959 Est
831 892 1152 977 Harlesey
1181 894 1507 979 praedicta,
1535 914 1745 978 nuper
1770 894 1844 959 in
1870 902 2105 961 tenura
2132 894 2366 959 Aliciae
2396 893 2671 971 Russhe,
2690 894 2883 959 dicto

579 1000 787 1065 nuper
815 979 1214 1045 Monasterio
1249 981 1332 1047 de
1372 979 1653 1066 Ryvalle
1694 987 1997 1065 spectans
2024 985 2093 1046 et
2134 981 2511 1082 pertinens3
2550 1002 2629 1045 ac
2658 1002 2883 1046 unum

578 1068 906 1153 cotagium
932 1088 1008 1132 ac
1037 1068 1256 1133 omnia
1282 1068 1454 1133 tofta
1479 1073 1549 1133 et
1590 1068 1795 1133 crofta
1836 1072 2041 1146 terrae,
2068 1088 2221 1133 cum
2247 1069 2385 1134 suis
2426 1068 2885 1153 pertinenciiS,

579 1154 791 1220 eidem
827 1155 1077 1240 cotagio
1119 1154 1517 1239 pertinentia
1557 1154 1633 1219 in
1674 1154 1797 1220 Est
1839 1154 2160 1239 Harlesey
2186 1156 2513 1240 praedicta,
2541 1175 2757 1240 nuper
2804 1156 2881 1219 in

577 1247 812 1307 tenura
831 1242 878 1307 J
880 1241 1154 1307 ohannis
1175 1241 1615 1321 Treneholme,
1637 1241 1813 1307 dicto
1836 1262 2043 1326 nuper
2062 1242 2462 1307 Monasterio
2485 1242 2565 1307 de
2587 1241 2883 1325 Ryvffle

578 1328 783 1393 simili
811 1328 1004 1393 modo
1033 1327 1282 1394 dudum
1325 1329 1688 1415 spectantia
1730 1336 1799 1395 et
1840 1329 2277 1414 pertinentia3
2317 1350 2393 1395 ac
2436 1328 2883 1395 reversionem

581 1423 649 1481 et
676 1415 1092 1493 reversiones,
1119 1416 1412 1481 redditus
1441 1436 1516 1481 ac
1560 1416 1869 1481 annualia
1909 1418 2197 1500 proficua
2224 1417 2517 1481 omnium
2548 1421 2617 1483 et
2644 1416 2879 1501 singu-

578 1502 793 1567 lorum
822 1504 1298 1587 praemissorum
1328 1512 1396 1568 et
1425 1502 1776 1588 cujuslibet
1803 1503 1958 1569 inde
1985 1503 2323 1589 parcellae:
2368 1502 2561 1581 Quod
2602 1504 2881 1587 quidem

580 1590 946 1655 manerium
1017 1589 1158 1657 sive
1227 1591 1492 1675 grangia
1566 1590 1647 1655 de
1720 1591 2080 1667 Moretona,
2138 1611 2215 1656 ac
2282 1590 2590 1675 praedicta
2660 1596 2881 1665 terrae,

582 1684 974 1755 tenementa,
1002 1684 1208 1762 prata,
1239 1698 1515 1762 pascuae,
1544 1682 1825 1762 pasturae
1870 1683 1939 1744 et
1981 1684 2215 1743 caetera
2258 1678 2476 1742 omnia
2518 1684 2589 1742 et
2614 1677 2881 1761 singula

582 1764 916 1850 praemissa
954 1763 1250 1849 superius
1279 1765 1667 1849 specificata,
1710 1785 1855 1849 quae
1907 1764 2082 1830 dicto
2112 1785 2320 1849 nuper
2348 1764 2753 1829 Monasterio
2784 1765 2872 1829 de

581 1850 877 1937 Ryvalle,
905 1856 983 1916 ut
1032 1852 1392 1937 praefertur,
1421 1852 1801 1935 spectabant
1830 1858 1897 1917 et
1939 1852 2370 1937 pertinebant,
2398 1872 2514 1937 per
2542 1852 2879 1936 quandam

581 1938 998 2004 indenturam
1047 1940 1172 2004 sub
1200 1938 1415 2025 sigillo
1453 1938 1873 2004 conventuali
1910 1938 2072 2005 dicti
2113 1960 2321 2025 nuper
2362 1939 2755 2003 Monasterii
2794 1938 2881 2003 de

583 2025 862 2109 Ryvalle
911 2026 1293 2104 confectam,
1343 2032 1675 2111 gerentem
1718 2026 1948 2091 datum
1989 2026 2202 2111 primo
2244 2026 2351 2090 die
2412 2026 2665 2109 Aprilis
2706 2026 2879 2090 AD.

583 2112 942 2178 Millesimo
1005 2114 1527 2198 quingentesimo
1601 2121 1802 2189 sext0,
1872 2117 1941 2177 et
2002 2114 2095 2177 Α0
2144 2134 2192 2177 r.
2250 2111 2525 2178 Domini
2582 2112 2883 2187 Hem-ici,

584 2220 795 2285 nuper
841 2200 1037 2285 Regis
1080 2200 1340 2285 Angliae
1383 2200 1679 2285 Septimi,
1706 2200 2015 2265 vicesimo
2058 2200 2285 2283 primo,
2314 2199 2583 2264 dimissa
2612 2206 2679 2264 et
2726 2220 2877 2264 con·

586 2308 766 2353 cessa
807 2288 1076 2353 fuerunt
1117 2288 1360 2353 adtunc
1405 2287 1618 2352 Priori
1669 2292 1737 2351 et
1790 2287 2161 2352 Conventui
2202 2286 2365 2351 dicti
2406 2306 2619 2371 nuper
2660 2286 2877 2351 Prior·

585 2382 734 2439 atus
777 2374 860 2441 de
904 2375 1146 2439 Mount
1199 2373 1891 2440 Gracc—Habendum
1950 2374 2045 2439 eis
2109 2381 2175 2439 et
2204 2374 2679 2439 successoribus
2742 2374 2879 2438 suis

587 2482 628 2525 a
655 2462 822 2527 festo
881 2461 1292 2528 Inventionis
1369 2462 1432 2527 S.
1463 2460 1689 2527 Crucis
1732 2462 1895 2525 A.D.
1943 2460 2301 2526 Millesimo
2352 2461 2877 2547 quingentesimo

587 2569 761 2613 nono
788 2569 994 2633 usque
1025 2547 1106 2613 ad
1137 2549 1337 2615 finem
1365 2547 1631 2614 termini
1674 2548 2089 2633 septuaginta
2138 2554 2205 2614 et
2250 2568 2487 2612 novem
2538 2568 2877 2612 annorum.

588 2636 840 2701 Damus
863 2637 1079 2713 etiam,
1102 2643 1170 2701 et
1191 2657 1307 2721 pro
1330 2635 1843 2701 consideratione
1871 2634 2182 2721 praedicta
2209 2654 2325 2719 per
2353 2641 2701 2719 praesentes
2726 2654 2879 2699 con·

590 2723 880 2788 cedimus
908 2724 1175 2807 praefato
1204 2725 1251 2790 J
1253 2724 1452 2789 acobo
1495 2724 1912 2807 Strangways
1942 2729 2155 2787 totum
2196 2743 2493 2787 annuum
2544 2721 2881 2786 redditum

587 2811 790 2874 trium
821 2809 1173 2875 solidorum
1218 2815 1285 2875 et
1312 2818 1593 2895 quatuor
1635 2810 2043 2875 denariorum
2074 2816 2424 2875 exeuntem
2454 2809 2535 2874 de
2564 2807 2881 2893 praedieto

589 2898 878 2962 manerio
923 2897 1062 2963 sive
1104 2898 1368 2982 grangia
1409 2897 1491 2962 de
1534 2896 1857 2974 Moreton,
1886 2901 1954 2963 et
1996 2896 2244 2961 caeteris
2288 2896 2661 2982 praemissis,
2704 2895 2885 2961 dicto

590 3004 800 3067 nuper
828 2982 1227 3050 Monasterio
1257 2984 1339 3049 de
1383 2984 1680 3069 Ryvalle,
1710 2992 1788 3050 ut
1830 2984 2182 3068 praefertur,
2212 2990 2616 3068 spectantem
2646 2988 2713 3048 et
2744 3004 2883 3067 per·

590 3071 933 3149 tinentem,
985 3071 1099 3155 qui
1151 3073 1490 3136 annuatim
1535 3071 1705 3136 solvi
1754 3072 2061 3137 convenit
2106 3078 2174 3136 et
2221 3071 2413 3135 debet
2462 3070 2546 3135 ad
2595 3070 2885 3153 Wapen—

591 3158 842 3243 tagium
872 3166 1168 3223 nostrum
1198 3158 1280 3223 de
1307 3158 1663 3243 Byrdforth
1692 3157 1764 3222 in
1794 3157 1971 3223 dicto
2002 3156 2177 3223 Com.
2210 3163 2431 3222 nostro
2460 3157 2887 3222 Eboracense.

652 3417 1203 3484 CCCLXXVIII.
1251 3418 1862 3485 CONVENTUAL
1900 3418 2249 3496 LEASES,
2292 3416 2855 3484 YORKSHIRE.

689 3560 833 3622 869.
881 3562 918 3620 2
953 3555 1202 3633 March,
1237 3560 1317 3621 15
1360 3556 1565 3622 Henr.
1606 3572 1745 3621 vm.
1790 3557 2021 3642 [1523-
2026 3556 2115 3641 4].
2200 3556 2515 3633 william,
2554 3554 2777 3620 Abbat
2823 3556 2891 3621 of

255 3631 488 3725 mm}
505 3630 556 3673 ω
598 3642 903 3720 Rivaulx,
931 3643 1209 3708 dimised
1237 3651 1306 3708 to
1335 3643 1403 3707 N
1404 3642 1649 3709 icholas
1678 3644 1967 3721 Walker,
1994 3643 2269 3721 Yoman,
2298 3643 2430 3708 and
2472 3642 2737 3708 Esabell
2782 3642 2889 3709 his

255 3733 502 3775 homoou-

289 3783 443 3825 entual

256 3794 487 3876 ἶεωοοοῑ

259 3884 502 3926 Yorkahire

599 3730 770 3806 wife,
827 3730 1184 3815 “Sownlay
1243 3732 1405 3796 coitt
1420 3730 1444 3771 ¹
1503 3729 1665 3795 with
1726 3694 2209 3816 Stabylleynge,
2266 3728 2485 3795 xviii*¹²
2539 3750 2709 3807 acre,
2755 3730 2889 3795 and

601 3816 1083 3901 Cartereynges,
1113 3816 1310 3881 xifiiffi
1339 3837 1501 3895 acre,
1542 3819 1617 3883 in
1660 3816 1963 3883 Muscote
1993 3838 2251 3903 eyngeS,
2281 3816 2499 3904 [with]
2528 3815 2705 3881 viii*¹²
2740 3838 2889 3882 acre

259 3936 336 3977 κο
335 3935 572 3977 mmm
598 3902 730 3968 and
765 3922 806 3967 a
847 3902 1040 3969 halve
1084 3904 1157 3970 in
1201 3904 1763 3991 Sownlayeyngess'
1808 3906 1908 3970 for
1950 3906 2063 3971 the
2108 3914 2275 3970 term
2304 3904 2373 3969 of
2415 3904 2587 3970 their
2627 3904 2891 3969 natural

598 3989 798 4056 lives:
841 3989 1103 4057 Esabell
1147 3999 1264 4058 not
1304 3997 1373 4057 to
1418 4013 1633 4077 marry
1677 3992 1870 4077 again
1898 3991 2177 4058 without
2217 3992 2333 4058 the
2374 3990 2622 4057 licence
2663 3992 2739 4057 of
2774 3992 2891 4056 the

598 4078 857 4144 Abbat.
900 4086 972 4143 at
999 4100 1038 4144 a
1065 4079 1292 4164 yearly
1320 4085 1467 4143 rent
1497 4079 1572 4144 of
1594 4078 1715 4156 AE'I,
1748 4085 1837 4147 2s,
1870 4079 1972 4145 sd.

599 4226 608 4259 ³
692 4255 835 4319 871.
901 4258 937 4317 6
999 4253 1184 4337 July,
1237 4258 1322 4318 30
1368 4253 1571 4318 Henr.
1624 4268 1768 4320 vm.
1855 4250 2069 4337 15381.
2160 4252 2499 4329 Rowland,
2546 4250 2776 4317 Abbat
2824 4251 2891 4316 oi

600 4338 897 4419 Rievalx,
925 4340 1202 4407 dimised
1246 4349 1315 4406 to
1359 4340 1615 4425 Ralphe
1658 4340 1817 4407 Baw
1862 4361 1899 4406 e
1934 4340 2007 4405 of
2045 4338 2450 4425 Helmysley,
2478 4338 2893 4416 Gentelman,

665 4475 686 4510 ¹
717 4477 915 4545 Sonley
935 4476 1086 4543 Coto.
1158 4477 1257 4531 See
1281 4476 1470 4541 below,
1495 4478 1669 4530 under
1690 4479 1805 4540 878,
1832 4494 1867 4530 a
1885 4476 2100 4530 further
2120 4476 2264 4531 lesse
2283 4476 2341 4543 φὶ
2354 4477 2512 4541 ,theno
2532 4492 2681 4529 same
2698 4474 2873 4529 landa.

3038 4326 3040 4403 l
