3075 5009
608 549 733 608 294
1260 559 1738 608 CARTULARIUM
1768 558 2232 609 mstLLsnsss.

608 767 623 784 .
669 769 684 782 .
732 768 746 783 .
793 739 955 802 quas
982 717 1355 782 Willelmus
1396 718 1479 782 de
1506 717 1764 794 Waldo,
1785 717 2011 801 junior
2054 767 2070 783 .
2114 767 2132 784 .
2177 767 2192 782 .
2238 717 2394 782 fecit
2432 717 2576 782 Deo
2621 768 2636 783 .
2684 768 2699 781 .
2743 765 2762 784 .
2807 716 2888 780 de

610 805 901 889 quinque
976 805 1140 869 acris
1198 812 1402 882 terrae,
1460 824 1608 870 cum
1676 805 2112 888 pertinenciis,
2169 805 2242 867 in
2299 805 2622 868 territorio
2681 805 2768 869 de
2827 805 2890 868 S.

614 892 933 970 Oswaldo‚
964 890 1085 977 [et]
1145 891 1228 956 de
1278 898 1417 956 toto
1468 899 1654 976 prato
1705 891 1880 976 quod
1925 893 2159 957 habuit
2200 891 2272 954 in
2323 887 2654 976 superiore
2705 899 2890 976 parte

611 980 901 1064 ejusdem
940 979 1114 1044 villae
1156 981 1523 1062 pertinente
1571 979 1654 1042 ad
1699 999 1850 1044 suas
1896 987 2026 1044 tres
2073 981 2339 1044 bovatas
2383 985 2588 1057 terrae,
2619 987 2893 1062 excepta

612 1067 884 1131 dimidia
928 1086 1076 1131 acra
1125 1067 1294 1149 prati
1338 1087 1535 1150 quam
1572 1065 1942 1131 willelmus
1988 1066 2068 1132 de
2113 1065 2484 1131 Bildesdale
2529 1066 2763 1130 habuit
2809 1065 2890 1129 de

615 1153 778 1237 ipso,
807 1161 875 1218 et
918 1152 997 1217 (16
1042 1161 1308 1237 pastura
1350 1155 1421 1216 in
1466 1153 1693 1216 eodem
1723 1153 2042 1218 territorio
2087 1153 2170 1217 ad
2201 1153 2438 1237 viginti
2465 1173 2617 1216 oves
2647 1161 2716 1217 et
2761 1160 2892 1216 trae

613 1241 810 1305 boves
840 1248 907 1304 et
934 1260 1133 1304 unam
1162 1260 1425 1305 vaccam
1470 1247 1537 1304 et
1579 1260 1786 1303 unum
1817 1261 2075 1324 equum,
2106 1260 2220 1323 per
2254 1247 2482 1316 totum,
2512 1240 2890 1322 ubicunque

615 1375 631 1392 .
678 1376 693 1392 .
739 1351 797 1392 .:
840 1327 1277 1391 Donationem
1320 1377 1335 1392 .
1382 1377 1399 1392 .
1443 1377 1458 1391 .
1503 1347 1666 1411 quas
1709 1327 1884 1392 idem
1928 1327 2300 1391 Willelmus
2345 1378 2360 1392 .
2407 1375 2421 1390 .
2466 1376 2483 1392 .
2530 1327 2688 1391 fecit
2746 1328 2892 1391 Deo

616 1463 632 1480 .
678 1464 694 1479 .
739 1464 754 1478 .
802 1414 883 1478 de
933 1421 1186 1498 septem
1229 1413 1395 1478 acris
1439 1422 1644 1490 terrae,
1669 1435 1820 1478 cum
1869 1415 2305 1498 pertinenciis,
2332 1414 2399 1477 in
2455 1413 2682 1478 eadem
2709 1413 2892 1490 villa,

616 1508 687 1566 et
715 1501 795 1565 de
824 1507 961 1565 toto
990 1507 1175 1585 prato
1205 1501 1379 1584 quod
1424 1501 1657 1565 habuit
1706 1502 1779 1565 in
1819 1501 2130 1585 superiori
2159 1507 2345 1585 prato
2373 1501 2668 1584 ejusdem
2695 1501 2894 1578 villae,

616 1589 983 1672 pertinente
1035 1587 1119 1652 ad
1168 1608 1319 1652 suas
1370 1595 1501 1652 tres
1553 1589 1818 1652 bovatas
1868 1595 2071 1665 terrae,
2100 1593 2372 1670 excepta
2423 1587 2695 1651 dimidia
2747 1609 2896 1652 acra

616 1677 790 1759 prati
842 1695 1038 1759 quam
1067 1674 1441 1739 Willelmus
1501 1675 1582 1739 (16
1634 1675 2002 1740 Bildesdale
2060 1675 2291 1739 habuit
2349 1674 2430 1739 de
2487 1675 2649 1757 ipso,
2691 1682 2763 1739 et
2813 1675 2894 1739 de

617 1769 883 1847 pastura
928 1763 1001 1825 in
1048 1763 1271 1826 eodem
1318 1762 1640 1826 territorio
1687 1764 1768 1826 ad
1798 1763 2036 1846 viginti
2087 1781 2237 1826 oves
2283 1768 2353 1825 et
2404 1770 2532 1826 tres
2581 1762 2782 1826 boves
2828 1770 2895 1826 et

616 1869 816 1913 unam
856 1869 1119 1913 vaccam
1178 1855 1245 1913 et
1300 1869 1507 1913 unum
1567 1869 1806 1933 equum
1868 1871 1981 1933 per
2030 1856 2262 1924 totum,
2291 1849 2665 1932 ubicunque
2709 1899 2726 1914 .
2774 1899 2791 1914 .
2835 1899 2849 1912 .
2881 1873 2896 1912 :

616 1935 1056 2000 Donationem
1100 1985 1117 2000 .
1162 1985 1177 1998 .
1223 1985 1238 2000 .
1282 1957 1443 2019 quas
1466 1935 1642 2000 idem
1666 1937 2037 2000 Willelmus
2082 1986 2096 2001 .
2142 1985 2158 2000 .
2205 1985 2219 2000 .
2265 1936 2422 2000 fecit
2450 1936 2593 1999 Deo
2637 1985 2654 1999 .
2702 1986 2716 2001 .
2767 1987 2782 2000 .
2813 1937 2896 2000 de

616 2023 825 2087 tribus
855 2024 1028 2087 rodis
1058 2029 1242 2086 terrae
1269 2023 1343 2086 in
1372 2022 1866 2100 HolbeclandeS,
1896 2030 1964 2087 et
2009 2023 2090 2088 de
2135 2022 2343 2087 tribus
2372 2023 2546 2086 rodis
2589 2031 2782 2086 terrae
2825 2024 2898 2086 in

619 2109 933 2188 Estholm,
965 2131 1113 2174 cum
1144 2111 1592 2192 pertinenciis:
1635 2111 2072 2174 Donationem
2125 2161 2140 2174 .
2193 2160 2208 2173 .
2260 2158 2277 2174 .
2329 2129 2490 2192 quas
2521 2109 2898 2174 Willelmus

618 2196 701 2260 de
730 2195 966 2261 Waldo
996 2197 1077 2260 de
1107 2198 1168 2261 S.
1202 2197 1501 2261 Oswaldo
1534 2248 1550 2262 .
1582 2246 1597 2262 .
1629 2245 1644 2260 .
1675 2197 1834 2260 fecit
1861 2197 2004 2261 Deo
2037 2247 2050 2262 .
2080 2244 2095 2259 .
2128 2245 2143 2260 .
2175 2195 2257 2261 de
2291 2217 2424 2260 una
2451 2196 2694 2259 (11111111,ι
2722 2198 2901 2280 prati

616 2283 897 2347 habente
954 2283 1370 2348 latitudinem
1429 2284 1630 2348 trium
1691 2283 2321 2368 perticarum—scil„
2347 2283 2652 2347 inferiore
2695 2304 2900 2367 quam

618 2371 849 2435 habuit
900 2371 971 2434 in
1011 2390 1207 2445 mora,
1236 2377 1303 2434 et
1347 2371 1606 2435 abuttat
1636 2391 1830 2454 super
1857 2391 2102 2435 moram
2143 2371 2224 2435 de
2255 2369 2670 2453 Leysthorpe,
2699 2379 2770 2435 et
2814 2371 2898 2434 de

617 2457 968 2522 latitudine
1020 2459 1215 2521 trium
1266 2459 1655 2540 perticarum
1703 2465 1886 2522 terrae
1947 2465 2014 2522 et
2064 2459 2251 2541 prati,
2297 2477 2444 2541 quae
2502 2465 2676 2521 terra
2719 2458 2900 2541 jacet

617 2545 692 2608 in
720 2544 1129 2609 Westholm:
1172 2544 1611 2609 Donationem
1654 2595 1669 2609 .
1716 2595 1730 2608 .
1778 2595 1793 2609 .
1839 2546 2282 2610 remissionem
2326 2551 2392 2608 et
2429 2544 2722 2628 quietam
2767 2545 2900 2608 cla-

620 2633 942 2696 manciam
972 2652 1133 2716 quas
1163 2631 1535 2695 Willelmus
1566 2633 1648 2696 de
1676 2631 1914 2696 Waldo
1957 2682 1972 2696 .
2019 2681 2034 2696 .
2080 2681 2095 2696 .
2141 2631 2298 2696 fecit
2335 2631 2478 2694 Deo
2507 2681 2522 2695 .
2553 2680 2571 2697 .
2602 2682 2617 2696 .
2651 2631 2734 2696 de
2765 2653 2900 2696 una

620 2719 775 2782 roda
806 2720 995 2802 prati,
1026 2740 1175 2782 cum
1204 2720 1639 2804 pertinenciiS,
1667 2729 1900 2801 praeter
1923 2725 2200 2802 quatuor
2229 2718 2587 2795 rodefalles,
2617 2719 2690 2782 in
2712 2720 2900 2782 terri-

618 2807 782 2870 torio
808 2807 865 2870 S.
894 2806 1195 2881 oswaldi,
1216 2814 1283 2869 et
1311 2806 1391 2870 de
1420 2826 1637 2870 annuo
1667 2807 1925 2870 redditu
1956 2807 2151 2869 unius
2181 2804 2354 2870 oboli
2375 2823 2490 2889 pro
2512 2813 2699 2889 prato
2721 2806 2900 2889 quod

618 2900 969 2956 tenuerunt
1022 2893 1103 2956 de
1148 2893 1434 2956 Henrico
1465 2894 1661 2958 Baret
1702 2894 1774 2957 in
1815 2895 2039 2957 eodem
2083 2893 2404 2958 territorio
2447 2941 2461 2956 .
2509 2943 2524 2956 .
2569 2917 2628 2958 .:
2674 2894 2900 2957 Dona-

620 2980 865 3043 tionem
896 3027 911 3043 .
942 3029 957 3044 .
989 3030 1002 3044 .
1035 3000 1196 3063 quas
1226 2982 1272 3044 J
1274 2980 1560 3044 ohannes
1591 2980 1764 3044 filius
1795 2981 2042 3044 Yvonis
2073 2980 2152 3044 de
2183 2979 2244 3044 S.
2270 2979 2569 3044 Oswaldo
2600 3029 2616 3044 .
2645 3029 2660 3044 .
2695 3030 2710 3045 .
2743 2981 2904 3044 fecit

619 3065 761 3129 Deo
805 3116 820 3131 .
866 3116 881 3130 .
927 3116 941 3131 .
988 3067 1069 3130 de
1120 3087 1297 3130 orreo
1344 3088 1461 3130 suo
1508 3068 1582 3131 in
1623 3067 1783 3130 villa
1825 3067 1906 3131 de
1951 3066 2011 3131 S.
2046 3065 2363 3143 Oswaldo‚
2406 3087 2556 3130 cum
2600 3073 2742 3131 tota
2787 3067 2905 3130 illa

620 3153 803 3236 pecia
845 3159 1048 3229 terrae,
1078 3174 1229 3216 cum
1270 3155 1706 3236 pertinenciis,
1747 3174 1944 3237 super
1981 3173 2176 3237 quam
2205 3153 2454 3217 dictum
2499 3175 2758 3218 orreum
2803 3163 2902 3218 est

620 3240 1045 3305 aedificatum:
1088 3242 1526 3306 Donationem
1568 3291 1583 3306 .
1629 3291 1646 3306 .
1695 3291 1710 3306 .
1755 3262 1916 3326 quas
1948 3240 2068 3305 Ivo
2096 3241 2177 3304 de
2206 3241 2375 3305 Dale
2405 3248 2472 3304 et
2492 3241 2714 3318 Lucia,
2737 3262 2905 3306 uxor

620 3327 760 3410 ejus
805 3376 819 3391 .
866 3376 880 3391 .
927 3378 941 3393 .
976 3328 1279 3392 'fecerunt
1324 3328 1572 3391 Abbati
1617 3334 1684 3393 et
1741 3328 2074 3392 monachis
2130 3328 2456 3411 praedictis
2513 3327 2596 3391 de
2643 3328 2903 3392 duabus

620 3414 783 3478 acris
812 3421 999 3478 terroe
1030 3422 1097 3479 et
1124 3436 1256 3478 una
1284 3437 1430 3479 acra
1457 3416 1646 3498 prati,
1668 3436 1816 3480 cum
1847 3415 2282 3500 pertinenciis,
2305 3416 2374 3478 in
2403 3414 2468 3479 le
2496 3414 2646 3478 Mar
2675 3415 2748 3477 in
2779 3422 2902 3480 ter-

620 3501 843 3566 ritorio
888 3502 969 3565 de
1015 3502 1074 3566 S.
1109 3502 1445 3566 Oswaldo:
1489 3504 1927 3567 Donationem
1971 3552 1987 3567 .
2033 3550 2049 3566 .
2093 3551 2110 3568 .
2157 3522 2317 3585 quas
2358 3501 2694 3566 «Iohannes
2723 3501 2902 3566 filius

619 3589 870 3652 Yvonis
900 3589 982 3654 (16
1013 3590 1071 3653 S.
1108 3589 1407 3654 Oswaldo
1451 3639 1466 3654 .
1513 3639 1528 3654 .
1574 3640 1589 3653 .
1636 3590 1792 3655 fecit
1821 3591 1961 3654 Deo
2006 3638 2020 3653 .
2066 3639 2081 3652 .
2130 3638 2144 3653 .
2191 3589 2272 3652 (16
2301 3595 2579 3672 quatuor
2607 3588 2900 3652 sellioni-

622 3676 745 3740 bus
804 3683 1009 3753 terrae,
1068 3697 1218 3740 cum
1275 3677 1711 3760 pertinenciis,
1773 3677 1846 3740 in
1911 3676 2230 3740 territorio
2289 3675 2370 3740 de
2429 3675 2490 3740 S.
2559 3675 2904 3742 Oswaldo:

622 3763 1060 3827 Donationem
1101 3813 1117 3828 .
1164 3813 1179 3827 .
1224 3814 1239 3829 .
1285 3785 1447 3848 quas
1492 3765 1768 3828 Thomas
1816 3764 2120 3847 Cadenay
2163 3763 2244 3827 de
2297 3763 2363 3826 S.
2413 3761 2714 3826 Oswaldo
2757 3811 2774 3826 .
2823 3813 2840 3828 .
2889 3815 2906 3828 .
3011 3767 3024 3778 ‘

622 3850 779 3914 fecit
808 3850 949 3914 Deo
994 3899 1009 3915 .
1058 3899 1072 3914 .
1116 3898 1131 3914 .
1178 3851 1259 3916 de
1287 3872 1421 3915 una
1447 3851 1610 3915 roda
1633 3851 1806 3934 prati
1834 3858 1902 3915 et
1929 3859 2177 3933 septem
2207 3849 2563 3926 rodefalles,
2581 3869 2732 3913 cum
2753 3869 2906 3932 per-

620 3937 941 4014 tinenciiS,
968 3937 1041 4000 in
1070 3939 1385 4020 superiori
1415 3946 1601 4021 prato
1623 3939 1681 4003 S.
1709 3937 2028 4002 Oswaldi:
2071 3937 2508 4001 Donationem
2551 3986 2566 4001 .
2609 3985 2626 4002 .
2672 3985 2688 4002 .
2735 3957 2910 4020 quas

623 4024 940 4088 Ricardus
982 4024 1155 4089 filius
1201 4025 1519 4090 Willelmi
1564 4025 1645 4089 de
1696 4024 1930 4089 Waldo
1977 4025 2060 4088 de
2104 4024 2166 4089 S.
2213 4023 2514 4089 Oswaldo
2555 4071 2571 4088 .
2618 4071 2633 4087 .
2679 4073 2696 4088 .
2741 4023 2910 4089 fecit

621 4111 765 4175 Deo
810 4159 825 4176 .
874 4161 889 4176 .
940 4162 955 4176 .
1003 4112 1085 4175 de
1114 4133 1246 4176 una
1274 4112 1429 4176 roda
1456 4120 1662 4188 terrae,
1691 4133 1840 4176 cum
1883 4111 2320 4196 pertinenciis,
2349 4109 2420 4173 in
2464 4108 2788 4174 territorio
2823 4112 2908 4176 de

618 4197 679 4263 S.
714 4197 1032 4277 Oswaldo,
1077 4205 1145 4262 et
1172 4199 1253 4263 de
1298 4199 1600 4264 omnibus
1645 4199 1833 4264 terris
1875 4207 1944 4264 et
1985 4199 2240 4264 tenuris
2269 4205 2338 4263 et
2367 4197 2668 4262 omnibus
2699 4196 2906 4262 dona-

678 4369 701 4404 ¹
734 4371 963 4438 Usually
1006 4372 1151 4438 spelt
1182 4374 1346 4436 daila,
1384 4373 1492 4424 and
1526 4373 1686 4440 signi-
1817 4372 2044 4424 thereos.
2149 4370 2221 4423 Oi
2287 4373 2536 4422 constant
2590 4385 2704 4432 use,
2763 4369 2906 4423 both

613 4436 768 4503 fying
788 4453 823 4488 a
844 4438 999 4488 share
1024 4453 1085 4489 or
1108 4439 1351 4499 division,
1381 4439 1438 4490 of
1470 4455 1686 4505 propor-
1817 4442 2063 4504 separate
2115 4436 2224 4488 and
2279 4435 2338 4486 in
2389 4435 2483 4485 the
2537 4435 2906 4489 combination

618 4503 787 4554 tional
806 4503 1129 4554 dimensions
1151 4505 1283 4555 with
1306 4505 1485 4556 others
1512 4506 1568 4554 in
1591 4504 1686 4555 the
1820 4507 1835 4531 ‘
1851 4503 2132 4564 wandalo:
2198 4501 2307 4552 and
2361 4501 2774 4568 corresponding
2843 4509 2906 4554 to

615 4582 760 4619 same
794 4568 908 4629 viu,
944 4570 1002 4619 in
1034 4569 1129 4621 the
1172 4585 1412 4620 common
1447 4569 1688 4620 meadow
1813 4585 1912 4620 our
1939 4572 1954 4596 ‘
1971 4568 2094 4619 deal
2111 4568 2124 4592 ’
2151 4569 2231 4629 (at
2251 4565 2444 4628 carde),
2473 4569 2490 4594 ⁸
2505 4565 2663 4627 dole,'
2685 4571 2792 4617 eto.
