3075 5009
599 495 724 555 366
1255 504 1730 553 cARrULARmM
1760 504 2225 554 Rmvatmnsn.

678 666 736 724 6.
779 677 918 723 xxv.
965 661 1144 737 Quod
1202 681 1238 721 a
1294 661 1736 741 praedecessore
1798 668 2009 722 nostro
2071 660 2267 723 felicis
2327 663 2657 739 memoriae,
2709 663 2901 725 Inno-

590 744 810 819 centiO,
868 742 1100 804 factum
1167 748 1264 803 est
1327 744 1709 817 innovantes,
1782 741 2199 804 ordinationes
2265 743 2343 805 ab
2411 744 2763 807 Octaviano
2836 754 2902 807 et

593 824 875 900 Widone,
905 823 1316 899 heresiarchis,
1345 843 1459 885 nec
1499 844 1623 885 non
1650 822 1695 883 J
1698 823 1937 885 ohanne
1963 824 2317 900 Stramensi,
2346 825 2453 905 qui
2494 844 2601 887 eos
2644 833 2900 889 secutus

593 915 706 985 est,
735 906 944 981 factas,
976 914 1041 965 et
1076 904 1466 967 abordinatas
1493 904 1573 966 ab
1600 904 1732 979 eia,1
1762 905 1965 966 irritas
2006 924 2135 967 esse
2164 925 2491 983 censemus,
2524 906 2901 987 adjicientes

593 988 782 1049 etiam
829 994 900 1049 ut
941 987 1049 1066 qui
1089 986 1422 1066 dignitates
1463 985 1897 1047 ecclesiasticas
1931 986 2033 1048 vel
2072 987 2367 1049 beneficia
2407 1007 2519 1067 per
2562 988 2900 1069 praedictos

592 1069 975 1131 scismaticos
1021 1076 1384 1147 acceperunt
1425 1078 1673 1129 careant
1722 1065 2309 1150 [sk].1mpetratae
2357 1068 2899 1132 abhominationes

593 1170 854 1231 quoque,
884 1150 1013 1212 sive
1039 1148 1384 1210 invasiones
1411 1156 1508 1211 tot
1533 1169 1644 1229 per
1670 1148 1913 1209 eosdem
1949 1149 2323 1211 scismaticos
2361 1149 2540 1211 factae
2580 1149 2663 1212 de
2704 1154 2900 1214 rebus

591 1230 1026 1306 ecclesiasticis,
1074 1231 1241 1292 omni
1285 1237 1532 1292 careant
1572 1230 1879 1305 firmitate,
1924 1238 1987 1291 et
2043 1230 2123 1292 ad
2164 1231 2497 1293 Ecclesiam
2544 1232 2679 1293 sine
2720 1234 2901 1295 omni

591 1313 821 1374 honore
868 1318 1273 1374 revertantur.
1362 1311 1430 1373 Si
1477 1312 1617 1391 quis
1672 1318 1879 1373 autem
1927 1312 2229 1375 contraire
2276 1314 2743 1394 praesumpserit
2798 1336 2901 1377 ex—

585 1393 1120 1455 communicationi
1147 1414 1212 1455 se
1239 1392 1482 1455 noverit
1508 1391 1837 1473 subjacere.
1890 1471 1898 1480 .

669 1560 727 1619 7.
771 1570 881 1617 xv.
927 1554 1118 1617 Nulla
1173 1554 1574 1617 ecclesiastica
1637 1555 1943 1631 beneficia,
1994 1574 2103 1617 seu
2152 1556 2341 1618 etiam
2380 1556 2743 1633 ministeria,
2794 1558 2899 1619 vel

588 1638 852 1699 ecclesiae
876 1636 1058 1699 alicui
1100 1635 1520 1697 attribuantur
1553 1654 1661 1697 seu
1702 1637 2139 1717 permittantur
2180 1644 2510 1716 antequam
2537 1648 2783 1715 vacent,
2818 1660 2898 1701 ne

588 1717 932 1781 desiderare
960 1718 1096 1798 quis
1136 1724 1400 1779 mortem
1439 1717 1708 1797 proximi
1750 1719 1919 1797 ejus²
1956 1718 2255 1794 videatur,
2286 1718 2353 1780 in
2388 1720 2565 1799 cujus
2592 1719 2805 1781 locum
2834 1730 2899 1783 et

589 1800 948 1862 beneficium
975 1818 1040 1861 se
1067 1798 1398 1861 crediderit
1423 1818 1859 1875 successurum,
1892 1819 2033 1861 cum
2058 1800 2173 1860 hoc
2202 1800 2388 1861 etiam
2428 1802 2707 1879 ipsorum
2748 1822 2897 1883 gen·

587 1882 792 1963 tilium
832 1880 1066 1961 legibus
1107 1880 1456 1941 inveniatur
1496 1878 1846 1942 inhibitum.
1959 1879 2163 1960 Turpe
2202 1881 2385 1942 nimis
2426 1890 2538 1957 est,
2574 1889 2639 1943 et
2672 1881 2897 1945 Divini

588 1963 836 2043 plenum
885 1961 1410 2024 animadversione
1451 1960 1685 2041 judicii,
1732 1962 1787 2022 si
1826 1961 2027 2023 locum
2074 1962 2141 2023 in
2185 1960 2457 2024 Ecclesia
2496 1962 2615 2025 Dei
2660 1964 2896 2026 futurae

583 2042 981 2106 successionis
1009 2043 1434 2123 expectatione
1473 2042 1809 2105 habeamus
1848 2062 2033 2123 quem
2071 2043 2191 2123 ipsi
2229 2044 2417 2105 etiam
2458 2044 2723 2125 gentiles
2752 2067 2897 2107 con-

587 2125 918 2206 dempnare
945 2124 1250 2186 dicuntur.
1339 2124 1498 2186 Cum
1539 2132 1747 2185 autem
1774 2124 2096 2203 praedictas
2129 2124 2425 2201 ecclesias,
2458 2145 2569 2187 seu
2596 2127 2899 2205 quaelibet

583 2208 783 2269 officia
809 2206 1226 2281 ecclesiastica,
1250 2225 1464 2267 vacare
1493 2206 1835 2285 contigerit,
1866 2206 1966 2267 vel
1994 2206 2047 2267 si
2074 2206 2261 2268 etiam
2288 2206 2472 2268 modo
2495 2215 2737 2283 vacant,
2762 2229 2895 2272 non

579 2288 696 2349 diu
721 2294 1011 2349 maneant
1035 2287 1102 2349 in
1129 2306 1437 2367 suspenso,
1469 2287 1581 2347 sed
1620 2287 1783 2348 inira
1822 2307 1932 2349 sex
1970 2306 2208 2349 menses
2246 2289 2521 2367 personis
2562 2290 2675 2369 qui
2714 2288 2895 2371 digni

587 2369 932 2431 ministrare
973 2368 1220 2430 valeant
1261 2367 1671 2430 conferantur.
1760 2367 1827 2430 Si
1870 2374 2077 2430 autem
2118 2368 2454 2449 episcopus,
2482 2370 2592 2431 ubi
2634 2370 2718 2432 ad
2744 2391 2893 2433 eum

587 2450 962 2594 [Gfflectass
989 2450 1118 2511 sine
1145 2449 1496 2511 rationabili
1525 2470 1706 2511 causa
1730 2449 2005 2511 conferre
2031 2449 2357 2526 distulerit,
2387 2470 2499 2531 per
2526 2451 2893 2531 Capitulum

585 2553 658 2594 or
705 2532 720 2547 ⁶
767 2538 922 2594 etur.
1037 2531 1215 2607 Quod
1245 2532 1296 2592 si
1325 2532 1403 2592 ad
1433 2530 1789 2610 Capitulum
1828 2531 2168 2593 ordinatio⁸
2196 2532 2582 2611 pertinuerit,
2616 2541 2685 2595 et
2724 2535 2893 2596 inira

586 2614 1007 2695 praescriptum
1045 2614 1378 2675 terminum
1418 2612 1701 2675 similiter
1740 2613 1856 2674 hoc
1894 2633 2020 2673 non
2061 2612 2297 2688 fecerit,
2326 2634 2359 2675 e
2402 2613 2645 2695 iscopus
2678 2634 2895 2678 secun-

585 2695 737 2758 dum
765 2694 1116 2771 Dominum,
1145 2694 1212 2755 in
1241 2693 1688 2774 Religiosorum
1728 2694 2003 2756 virorum
2051 2694 2319 2772 consilio,
2410 2715 2481 2757 oc
2521 2703 2884 2776 exequatur.

585 2779 737 2852 Aut,
787 2776 841 2837 si
894 2795 1104 2837 omnes
1158 2774 1565 2856 neglexerint,
1622 2774 2137 2855 Metropolitanus
2191 2775 2271 2838 de
2325 2776 2493 2855 ipsis,
2544 2777 2911 2849 secundum,

586 2857 936 2933 Dominum,
962 2857 1190 2937 absque
1220 2856 1699 2918 contradictione
1726 2856 2029 2936 disponat.
2112 2856 2437 2933 Praeterea,
2460 2858 2515 2919 si
2542 2860 2883 2941 episcopus,

579 2939 716 3001 sine
758 2946 925 3001 certo
965 2938 1152 3000 titulo
1191 2938 1271 3000 de
1313 2958 1435 3018 quo
1477 2938 1673 3018 possit
1717 2940 2053 2999 necessaria
2100 2939 2245 3000 vitae
2291 2940 2617 3020 percipere,
2648 2942 2719 3002 in
2759 2942 2885 3003 dia-

579 3040 822 3095 conum,
852 3018 952 3082 vel
993 3019 1062 3080 in
1107 3019 1514 3100 presbiterum
1554 3018 1947 3093 ordinaverit,
1976 3020 2215 3082 tamdiu
2255 3022 2312 3082 ei
2359 3022 2700 3084 necessaria
2738 3024 2885 3085 vitae

586 3100 1008 3163 subministret
1034 3100 1226 3162 donec
1255 3101 1312 3162 ei
1340 3100 1543 3180 aliqua
1570 3100 1770 3162 eidem
1807 3100 2071 3162 ecclesiae
2112 3103 2537 3165 convenientia
2572 3104 2885 3184 stipendia

579 3182 875 3245 clericalis
902 3182 1136 3244 militias
1163 3182 1282 3243 assi
1367 3189 1444 3258 et,
1477 3182 1597 3244 nisi
1638 3181 1798 3244 forte
1838 3181 1981 3243 talis
2016 3182 2206 3245 fuerit
2232 3184 2339 3263 qui
2365 3182 2689 3246 ordinatus
2730 3187 2881 3249 exti—

583 3264 734 3327 terit
757 3263 924 3343 quod
952 3263 1030 3325 de
1051 3282 1178 3338 sua,
1208 3283 1284 3325 ve
1335 3263 1413 3325 de
1441 3271 1699 3342 paterna
1716 3262 2091 3340 haereditate,
2120 3264 2222 3327 vel
2246 3264 2369 3327 alia
2392 3266 2655 3329 honesta
2680 3288 2876 3343 causa,

578 3345 923 3409 subsidium
950 3345 1094 3405 vitae
1121 3344 1316 3424 possit
1340 3344 1579 3408 habere.

665 3512 718 3569 8.
767 3506 960 3591 [XVL]
1002 3506 1223 3569 Clerici
1269 3506 1338 3569 in
1379 3507 1900 3583 subdiaconatum,
1953 3514 2018 3570 et
2064 3528 2265 3589 supra,
2312 3515 2377 3570 et
2430 3509 2497 3569 in
2538 3510 2878 3573 minoribus

578 3608 826 3669 quoque
881 3588 1195 3652 ordinibus
1248 3588 1585 3665 constituti,
1645 3608 1848 3651 coram
1908 3588 2180 3651 saeculari
2226 3589 2445 3671 judice·
2478 3590 2769 3655 advocati
2814 3594 2877 3655 in

579 3670 842 3751 negotiis
869 3670 1253 3732 saecularibus
1280 3671 1413 3732 fieri
1439 3690 1564 3732 non
1592 3678 1983 3753 praesumant,
2003 3671 2123 3733 nisi
2151 3672 2459 3751 propriam
2485 3672 2587 3734 vel
2616 3675 2879 3737 ecclesiae

581 3772 704 3814 suae
732 3771 974 3813 causam
999 3751 1232 3814 fuerint
1271 3752 1595 3833 prosecuti,
1627 3760 1693 3815 et
1731 3753 1849 3814 nisi
1890 3754 2051 3815 forte
2094 3773 2205 3834 pro
2246 3754 2697 3817 miserabilibus
2748 3776 2880 3837 per-

581 3832 761 3910 sonis,
793 3853 928 3913 quae
954 3833 1230 3913 proprias
1257 3854 1464 3895 causas
1495 3833 1920 3896 administrare
1946 3854 2071 3895 non
2109 3835 2365 3914 possint.
2450 3834 2573 3897 Sed
2602 3856 2719 3899 nec
2744 3858 2879 3918 pro-

575 3914 921 3977 curationes
961 3914 1246 3976 villarum
1285 3921 1394 3977 aut
1426 3913 1885 3994 jurisdictiones
1925 3915 2113 3977 etiam
2154 3915 2467 3977 saeculares
2507 3918 2623 3979 sub
2662 3918 2878 3999 aliqui-

577 3998 692 4059 bus
739 3996 1116 4077 principibus
1158 4003 1224 4059 et
1263 3996 1653 4058 saecularibus
1708 3995 1871 4072 viris,
1930 4005 2003 4059 ut
2064 3997 2379 4060 'usticiarii
2434 4018 2648 4059 eorum
2700 4000 2873 4074 flant,

575 4078 930 4141 clericorum
955 4077 1280 4157 quisquam
1307 4098 1590 4141 exercere
1619 4086 1960 4158 praesumat.
2047 4018 2116 4141 ἑί
2158 4080 2294 4159 quis
2335 4086 2542 4140 autem
2579 4078 2877 4144 adversus

573 4160 690 4223 hoc
736 4159 946 4223 venire
993 4160 1407 4240 temptaverit,
1437 4179 1508 4221 ac
1556 4167 1771 4221 contra
1817 4159 2162 4223 doctrinam
2203 4158 2488 4241 Apostoli
2526 4160 2877 4225 dicentis—

637 4324 659 4357 ¹
691 4324 862 4401 These
883 4328 996 4376 two
1017 4323 1197 4376 words
1218 4340 1310 4376 are
1332 4323 1584 4391 supplied
1606 4323 1663 4375 in
1782 4324 1959 4376 which
1982 4324 2137 4377 looks
2159 4340 2305 4376 more
2326 4324 2438 4375 like
2460 4328 2547 4377 cm·
2565 4326 2703 4378 than
2734 4328 2867 4393 eins,

574 4391 668 4488 th?
689 4406 987 4507 mmmm
1003 4458 1048 4507 is
1061 4454 1288 4507 omitted
1303 4456 1362 4507 in
1379 4454 1474 4507 the
1498 4471 1562 4507 ω
1780 4389 1882 4442 but
1904 4391 1951 4442 is
1972 4407 2044 4442 no
2064 4389 2237 4442 doubt
2252 4396 2435 4442 meant
2454 4391 2543 4443 for
2562 4392 2661 4445 the
2682 4392 2865 4446 latter.

569 4522 673 4573 but
703 4470 951 4588 suppl&
988 4520 1156 4573 above
1192 4521 1268 4587 by
1292 4538 1362 4573 aa
1394 4472 1659 4573 1:120anss
1844 4520 1867 4551 ³
1898 4520 2379 4586 Nomredunmt,
2392 4522 2439 4574 ῑι
2460 4522 2705 4576 manea
2720 4524 2863 4577 hero.
