3075 5009
1229 562 1580 617 APPENDIX.
2433 562 2557 621 425

262 716 396 779 deri
416 716 644 779 :—Nos
671 717 876 796 igitur,
907 718 1270 781 auctoritate
1296 719 1548 783 Domini
1574 722 1773 803 Papae,
1804 725 1981 804 cujus
2024 726 2311 806 primarie
2350 746 2555 790 curam

259 798 542 878 gerimus,
587 799 762 860 vobis
803 800 1240 862 committimus
1280 803 1584 881 quatinus,
1630 806 1682 865 si
1724 814 1819 867 est
1858 806 1963 883 ita,
2005 826 2115 891 per
2157 827 2265 870 vos
2305 809 2404 871 vel
2448 830 2555 891 per

257 881 448 941 alium
479 879 785 941 Abbatem
827 880 1002 942 illum
1043 901 1082 941 a
1119 881 1300 944 dictae
1340 886 1981 951 excommunicationis
2022 889 2345 965 sententia,
2373 891 2553 970 juxta

257 962 518 1023 formam
565 960 865 1041 Ecclesiae,
910 960 1280 1040 absolvatis;
1320 973 1386 1027 et
1427 967 1675 1045 proviso
1756 968 1879 1030 uod
1925 989 2165 1050 semper
2206 990 2391 1051 super
2437 972 2550 1035 hoc

256 1042 510 1105 Domini
557 1042 738 1121 Papae
784 1052 850 1106 et
895 1044 1188 1106 Romanae
1233 1044 1519 1109 Ecclesiae
1562 1068 1703 1109 man
1749 1049 1867 1111 atis
1919 1052 2175 1133 parebit,
2224 1072 2416 1133 eoque
2470 1053 2549 1115 ad

257 1133 515 1206 tempus,
567 1132 750 1204 prout
797 1125 1086 1207 expedire
1134 1124 1431 1204 videritis,
1481 1149 1518 1190 a
1566 1149 1815 1192 suorum
1863 1134 2146 1197 ordinum
2190 1134 2547 1197 executione

255 1225 563 1287 suspenso,
613 1204 862 1269 demum
908 1208 1380 1287 suffragantibus
1427 1210 1546 1271 sibi
1592 1212 1827 1273 meritis
1870 1234 2055 1296 super
2098 1215 2547 1297 irregularitate

253 1286 422 1349 dicto
475 1284 660 1349 modo
713 1296 1044 1366 contracta,
1100 1288 1152 1349 si
1206 1290 1374 1352 aliud
1428 1312 1555 1353 non
1610 1293 1883 1371 obsistat,
1936 1316 2077 1359 cum
2130 1296 2265 1376 ipso
2318 1297 2546 1359 miseri-

251 1368 522 1431 corditer
587 1366 967 1449 dispensetis,
1079 1368 1313 1432 Datum
1367 1372 1657 1435 Laterani
1710 1374 1803 1437 iiii
1870 1376 2019 1440 Idus
2074 1377 2303 1454 Martii,
2361 1378 2539 1440 Pont.

250 1450 504 1512 Domini
543 1448 840 1514 Bonifacii
882 1453 1066 1531 Papae
1107 1452 1278 1514 VIIIvi
1318 1463 1381 1516 a⁰
1419 1455 1911 1531 vita-Quarum
1949 1460 2313 1523 auctoritate
2353 1458 2543 1521 litter-

248 1550 423 1593 arum
449 1532 626 1595 vobis
668 1534 1106 1595 committimus
1149 1542 1217 1596 et
1253 1533 1612 1597 mandamus
1653 1539 1960 1616 quatinus,
1990 1542 2043 1603 si
2071 1548 2166 1603 est
2206 1540 2311 1617 ita
2340 1540 2541 1621 ipsum

248 1613 610 1675 auctoritate
635 1615 813 1677 nobis
839 1616 906 1677 in
945 1615 1060 1677 hac
1085 1623 1259 1698 parte
1287 1618 1605 1679 commissa
1643 1638 1681 1679 a
1750 1620 1975 1683 raefatae
2015 1622 2543 1685 excommunicati-

245 1694 381 1755 onis
435 1697 756 1771 sententia,
808 1697 990 1777 juxta
1033 1697 1294 1761 formam
1333 1697 1631 1773 Ecclesiae,
1676 1720 1713 1761 a
1754 1701 2022 1779 solvatis,
2068 1711 2132 1765 et
2177 1711 2422 1783 recepto
2464 1704 2541 1765 ab

243 1776 379 1855 ipso
419 1777 704 1857 primitus
741 1778 1090 1857 juramento
1117 1778 1282 1860 quod
1309 1798 1551 1875 semper
1580 1799 1765 1862 super
1803 1782 1918 1845 hoc
1958 1784 2209 1846 Domini
2248 1784 2434 1863 Papae
2474 1794 2540 1846 et

245 1856 484 1919 Sanctae
531 1859 822 1921 Romanae
861 1859 1144 1923 Ecclesiae
1191 1860 1495 1922 mandatis
1536 1862 1793 1941 parebit,
1838 1884 1975 1927 cum
2015 1866 2166 1945 ipsc,
2208 1874 2394 1946 prout
2438 1886 2537 1927 ex-

242 1938 454 2033 pedire
500 1940 796 2016 videritis,
854 1961 892 2002 a
945 1961 1194 2004 suorum
1248 1942 1534 2004 ordinum
1590 1945 1951 2009 executione
2005 1966 2299 2028 suspenso
2353 1966 2536 2027 super

241 2020 690 2101 irregularitate
709 2021 876 2084 dicto
896 2023 1080 2086 modo
1108 2029 1434 2099 contracta,
1460 2024 1644 2103 juxta
1664 2026 1924 2088 formam
1944 2028 2291 2090 litterarum
2310 2028 2537 2090 miseri·

241 2102 508 2165 corditer
533 2101 916 2185 dispensetis.
1002 2104 1236 2168 Valete.
1310 2104 1544 2166 Datum
1584 2106 1748 2200 apud
1770 2106 2009 2171 Lanum
2036 2110 2127 2171 iiii
2154 2109 2303 2171 Idus
2339 2109 2384 2170 J
2384 2110 2534 2184 unii,

239 2184 327 2244 Αο
356 2184 462 2247 Gr.
493 2184 592 2245 Μο
619 2195 744 2248 ccc⁰
772 2194 836 2248 et
862 2185 1263 2248 Pontificatus
1288 2187 1484 2248 nostri
1513 2207 1732 2267 primo.

325 2344 459 2402 106.
508 2339 928 2424 [Greenfieldj
987 2340 1250 2403 Contra¹
1267 2342 1579 2405 Abbatem
1606 2349 1671 2403 et
1690 2342 2079 2405 Conventum
2095 2344 2528 2424 Ryevallenses

275 2419 799 2504 1308].-Viginti
831 2430 898 2484 et
931 2442 995 2485 se
1039 2423 1191 2485 timo
1219 2424 1318 2485 die
1345 2422 1390 2483 J
1391 2424 1647 2499 anuarii,
1674 2425 1763 2485 A⁰
1784 2425 1893 2487 Gr.
1922 2424 2023 2487 ΜΟ
2043 2436 2169 2487 ccc0
2183 2426 2334 2501 viii0,
2365 2427 2528 2506 apud

320 2501 496 2581 ilton,
547 2522 750 2583 coram
797 2504 974 2566 nobis
1096 2504 1342 2579 illelmo,
1388 2512 1522 2581 etc„
1567 2505 1635 2566 in
1682 2506 1931 2585 negotio
1980 2526 2059 2568 ex
2107 2507 2302 2569 officio
2357 2515 2526 2570 moto

235 2591 450 2645 contra
515 2584 856 2665 Religiosos
908 2586 1088 2661 viros,
1146 2586 1456 2648 Abbatem
1509 2591 1577 2647 et
1630 2586 2021 2649 Conventum
2076 2587 2153 2649 de
2207 2588 2525 2669 Ryevalle,

235 2674 448 2727 contra
495 2666 588 2727 'us
628 2686 949 2727 commune
975 2666 1270 2729 decimam
1297 2667 1621 2747 garbarum
1648 2667 1725 2729 de
1762 2674 1997 2749 septem
2026 2670 2318 2731 carucatis
2347 2676 2525 2731 terrae

233 2747 297 2807 in
315 2766 497 2825 paroc
539 2748 602 2808 ia
620 2746 902 2810 Ecclesiae
920 2747 997 2810 de
1017 2748 1393 2823 Thorntona,
1417 2747 1713 2809 decimam
1732 2748 1811 2811 de
1831 2749 2111 2811 ducentis
2131 2750 2481 2813 bidentibus
2500 2755 2524 2792 ²

233 2835 298 2889 et
325 2828 594 2909 quinque
627 2830 913 2891 tretentis
929 2830 956 2869 ²
996 2829 1060 2890 in
1103 2829 1312 2891 eadem
1353 2829 1675 2909 parochia3
1716 2830 1867 2892 item
1895 2831 2191 2893 decimam
2220 2832 2296 2893 de
2324 2833 2524 2895 tribus

231 2909 528 2971 carucatis
567 2916 748 2971 terrae
788 2910 950 2971 infra
989 2910 1336 2989 parochiam
1377 2910 1659 2972 Ecclesiae
1698 2911 1777 2973 de
1818 2911 2101 2993 Kirkeby
2142 2912 2523 2995 Misperton3

231 2989 514 3052 similiter
560 2991 860 3053 decimam
907 2999 1150 3053 centum
1206 2991 1552 3053 bidentium
1618 2992 1686 3053 in
1741 2992 1952 3055 eadem
2005 2994 2331 3073 parochia3
2371 2996 2520 3057 item

227 3072 526 3134 decimam
565 3072 892 3153 garbarum
933 3079 997 3133 et
1036 3073 1162 3133 feni
1204 3072 1282 3135 de
1323 3072 1563 3135 cultura
1601 3092 1737 3153 quae
1762 3082 2017 3136 vocatur
2044 3075 2330 3138 Scaltona
2370 3096 2520 3139 cres·

227 3154 497 3215 centium
529 3154 594 3213 in
637 3153 924 3233 parochia
948 3153 1232 3215 Ecclesiae
1271 3153 1349 3216 de
1393 3154 1694 3229 Scaltona,
1724 3155 1789 3215 in
1831 3174 2078 3235 gravem
2106 3164 2171 3218 et
2211 3178 2513 3221 enormem

225 3235 535 3297 laesionem
575 3234 959 3296 ecclesiarum
1000 3235 1426 3314 praedictarum
1467 3235 1886 3317 percipientes,
1931 3246 2293 3318 occupantes
2332 3249 2516 3319 atque

224 3322 522 3391 tenentes,
554 3336 623 3378 ac
665 3316 744 3377 ad
771 3315 1180 3392 refectionem,
1211 3317 1743 3393 constructionem,
1771 3318 2217 3399 reparationem
2251 3320 2515 3383 ecclesiae

225 3398 304 3460 de
331 3396 618 3477 Kirkeby
642 3397 988 3477 Misperton
1015 3397 1337 3479 praedictae,
1367 3417 1474 3460 seu
1501 3398 1701 3459 eidem
1727 3398 1847 3461 alia
1874 3419 2057 3462 onera
2083 3401 2511 3478 incumbentia,

224 3486 528 3558 quatenus
557 3478 801 3540 eosdem
829 3479 1209 3559 contingunt,
1240 3498 1366 3541 una
1405 3498 1544 3541 cum
1572 3480 1805 3541 caeteris
1832 3480 2211 3561 parochianis
2242 3484 2515 3545 conferre

223 3580 333 3621 seu
385 3561 767 3622 contribuere
807 3560 1336 3635 contradicentes,³
1375 3567 1623 3622 vocatos
1674 3562 2081 3656 peremptorie
2137 3563 2215 3625 ad
2256 3564 2512 3625 eandem

222 3640 388 3703 diem
428 3641 505 3702 ad
551 3639 964 3703 exhibendum
1001 3649 1066 3702 et
1106 3642 1552 3703 ostendendum
1588 3662 1699 3721 pro
1727 3649 1989 3704 termino
2015 3644 2262 3722 praeciso
2290 3654 2357 3707 et
2380 3665 2509 3725 per-

223 3722 542 3803 emptorio,
573 3722 864 3803 quicquid
891 3721 1192 3785 haberent
1218 3723 1575 3785 canonicum
1600 3742 1781 3803 super
1808 3723 2112 3785 dictarum
2138 3725 2507 3788 decimarum

287 3839 309 3872 ¹
341 3840 475 3891 This
509 3840 622 3891 will
659 3840 727 3890 be
759 3856 884 3891 seen
923 3845 982 3893 to
1014 3841 1082 3891 be
1116 3858 1186 3892 an
1215 3858 1302 3892 ex·
1431 3840 1611 3893 North
1647 3845 1755 3904 (see
1776 3842 2060 3893 Peacock’a
2081 3844 2341 3896 Lomdale
2365 3844 2507 3896 Glos-

221 3910 367 3956 tract
399 3905 456 3956 of
489 3922 619 3971 very
652 3906 1017 3957 considerable
1054 3908 1298 3967 interest,
1429 3911 1579 3971 sav-y)
1603 3924 1693 3957 are
1715 3906 1916 3958 twinter
1945 3908 2051 3958 and
2073 3910 2309 3960 thrintcr.
2376 3909 2506 3962 Hal·

219 3972 331 4021 and
374 3972 432 4020 in
464 3987 610 4021 more
642 3971 965 4035 particulare
997 3972 1131 4023 than
1165 3988 1299 4032 one;
1430 3972 1609 4034 liwell,
1668 3972 1933 4035 however,
1991 3974 2140 4039 gives
2202 3975 2295 4025 the
2356 3976 2505 4027 word

221 4036 305 4087 for
341 4036 390 4086 it
427 4041 554 4101 puts
589 4038 850 4101 precisely
883 4036 1064 4088 before
1108 4054 1172 4087 us
1205 4038 1301 4088 the
1427 4038 1630 4089 twinter
1650 4054 1711 4089 as
1727 4038 1975 4103 meaning
1994 4054 2029 4089 a
2056 4041 2092 4067 ‘⁸
2108 4042 2508 4105 two-years·old

217 4106 408 4152 extent
441 4102 498 4153 oi
531 4101 626 4152 the
660 4102 888 4152 interest
919 4102 1194 4168 possessed
1225 4102 1262 4153 b
1427 4103 1566 4155 beust
1582 4103 1647 4165 ”3
1680 4103 1781 4153 but
1802 4104 2158 4169 erroneously.

221 4167 314 4218 the
347 4166 612 4227 convent,
648 4172 708 4216 at
739 4166 836 4217 the
869 4166 995 4217 date
1027 4167 1238 4233 assigno
1280 4207 1293 4227 ,
1490 4167 1513 4200 ⁸
1549 4168 1678 4218 This
1711 4168 1909 4218 refusal
1941 4185 2011 4219 on
2040 4168 2135 4219 the
2166 4174 2291 4235 part
2322 4169 2378 4220 of
2410 4170 2503 4221 tbe

215 4233 276 4282 in
299 4232 394 4282 the
415 4231 621 4282 several
653 4232 830 4297 places
851 4232 1136 4297 specifi0d3
1169 4249 1298 4283 over
1426 4234 1673 4285 Convent
1693 4238 1752 4284 to
1774 4232 1840 4283 be
1864 4233 2237 4300 contributory
2250 4240 2308 4285 to
2330 4236 2505 4287 either

215 4296 324 4349 and
347 4298 514 4348 above
536 4298 711 4348 minor
733 4302 958 4348 matters
979 4297 1160 4348 noted.
1423 4298 1518 4349 the
1539 4299 1879 4360 restoration,
1904 4300 2097 4364 repair,
2119 4316 2179 4350 or
2200 4298 2505 4368 rebuilding

281 4367 304 4397 ¹
341 4362 514 4428 Sheep
535 4364 593 4413 in
614 4362 760 4413 their
787 4362 982 4413 second
1016 4378 1160 4429 year,
1190 4363 1298 4414 and
1423 4363 1480 4415 of
1501 4364 1597 4415 the
1619 4364 1804 4429 parish
1828 4363 2029 4414 church
2053 4363 2110 4415 of
2132 4365 2348 4431 Kirkby
2372 4367 2500 4418 Mis-

215 4428 381 4505 sheep
403 4428 460 4478 in
483 4428 627 4503 their
648 4428 801 4478 third
825 4444 971 4493 year.
1039 4428 1152 4479 The
1177 4444 1294 4494 pro·
1422 4433 1614 4505 perton
1679 4445 1805 4508 may
1860 4434 1959 4479 not
2024 4429 2116 4509 be·
2142 4430 2376 4509 witbout
2428 4433 2503 4483 its

213 4493 413 4543 vincial
447 4493 782 4559 equivalents
807 4494 890 4543 for
917 4494 1066 4545 these
1099 4494 1290 4555 words,
1423 4497 1651 4545 interest
1683 4510 1740 4543 in
1774 4494 1868 4544 the
1902 4494 2173 4561 parochial
2204 4496 2413 4563 history
2446 4498 2505 4549 of

211 4558 330 4609 still
351 4563 542 4610 extant
575 4560 632 4609 in
665 4574 808 4610 some
841 4558 1082 4609 districta
1115 4560 1172 4609 of
1202 4560 1296 4610 the
1422 4560 1516 4611 the
1537 4559 1654 4610 said
1676 4560 1840 4626 place.

1315 4639 1422 4696 21⁵¹.
