3075 5009
541 517 619 580 12
1168 527 1646 577 mammam
1691 527 2158 576 mnvmnnss.

842 684 1025 816 033.
1074 751 1267 816 Carta
1296 751 1489 836 Regis
1521 750 1794 816 Hem-101
1823 749 1905 815 de
1951 749 2475 816 Kilverdemersc
2503 749 2585 815 de
2614 755 2820 814 wasto

1176 838 1409 902 subtus
1440 837 1838 922 Pickeringa.

650 927 713 1012 [2
722 925 789 1011 0]
817 941 1028 990 CXLVI.
1078 925 1271 990 Carta
1300 924 1495 1010 Regis
1523 924 1784 1011 Angliae
1811 925 1894 990 (16
1923 923 2360 1010 recognitione
2388 921 2592 988 wasti.

791 1028 1031 1077 cxnvn.
1078 1012 1275 1077 Carta
1302 1012 1497 1096 Regis
1524 1011 1780 1096 Angliae
1809 1011 1890 1076 (16
1919 1011 2271 1076 bercheriis
2297 1011 2486 1076 vasti.

774 1115 1037 1164 CXLVIII.
1082 1099 1129 1164 J
1134 1119 1358 1163 ussum
1390 1099 1584 1184 Regis
1613 1099 1695 1164 (16
1724 1107 1926 1164 vasto.

821 1201 1036 1252 exult.
1084 1186 1279 1252 Carta
1336 1186 1533 1272 Regis
1592 1186 1850 1272 Angliae
1909 1185 1990 1251 de
2041 1184 2393 1251 bercheriis
2443 1189 2514 1250 et
2561 1181 2824 1249 fossatis

1192 1273 1379 1338 vasti.

938 1377 1031 1425 01..
1079 1359 1275 1424 Carta
1304 1359 1499 1444 Regis
1529 1359 1788 1444 Angliae
1817 1359 1902 1424 de
1929 1358 2444 1424 Theokemarais.

908 1463 1033 1512 cm.
1080 1447 1501 1512 Confirmatio
1532 1447 1726 1532 Regis
1755 1447 1836 1512 de
1866 1455 2042 1510 sarto
2073 1445 2386 1511 Everardi
2405 1445 2489 1510 de
2517 1445 2666 1510 Ros.

886 1550 1035 1599 CLII.
1082 1533 1508 1620 Privilegium
1538 1533 1732 1618 Regis
1761 1533 2034 1598 Henrici
2064 1549 2132 1598 11.

858 1637 1031 1686 cun.
1078 1621 1497 1686 Confirmatio
1528 1621 1724 1706 Regis
1754 1618 1835 1685 de
1863 1619 2170 1686 Tesedale
2198 1625 2267 1685 et
2293 1617 2714 1684 Westerdale.

875 1723 1039 1774 CLIV.
1086 1709 1281 1774 Carta
1356 1708 1673 1773 Bernardi
1745 1707 1828 1773 de
1887 1705 2164 1772 Balliolo
2238 1708 2319 1771 (16
2378 1703 2698 1771 Thesdale
2757 1713 2825 1770 et

1152 1793 1600 1861 Westerdale.¹

1092 1879 1253 1970 [1720
1278 1889 1401 1946 rest
1444 1884 1523 1966 of
1553 1882 1686 1946 this
1709 1881 1882 1966 solio
1923 1883 1982 1946 is
2023 1881 2232 1948 blank.
2323 1879 2423 1946 On
2451 1880 2552 1944 tlte
2591 1899 2822 1944 reverso

1155 1970 1255 2033 the
1282 1969 1656 2052 number-inq
1676 1967 2006 2054 proemia]

544 2053 612 2142 [2
620 2054 718 2142 0¹³]
751 2071 1024 2120 chxm.
1070 2056 1265 2122 Carta
1306 2056 1600 2121 Turstini
1629 2055 2118 2140 Archiepiscopi
2147 2054 2230 2120 de
2274 2069 2346 2119 Π
2373 2051 2724 2120 carrucatis
2753 2054 2825 2118 in

1154 2143 1307 2208 Grif
1329 2150 1396 2207 et
1424 2159 1469 2207 v
1497 2143 1572 2208 in
1598 2143 1972 2210 Tillestona.

762 2245 1023 2295 chxlv.
1072 2230 1269 2296 Carta
1298 2229 1571 2295 Henrici
1601 2228 2090 2314 Archiepiscopi
2119 2227 2202 2294 de
2231 2227 2544 2294 Rievalle.

788 2332 1021 2382 (mxxv,
1067 2317 1172 2382 De
1200 2317 1602 2401 protectione
1625 2317 1860 2401 Rogeri
1881 2316 2374 2400 Archiepiscopi
2401 2314 2484 2380 de
2513 2315 2832 2382 Rievalle.

766 2419 1029 2470 CLXXVI.
1075 2404 1493 2470 Confirmatio
1538 2403 1773 2488 Rogeri
1800 2402 2292 2488 Archiepiscopi
2336 2402 2420 2467 de
2447 2401 2717 2468 decimis
2745 2402 2832 2468 de

1159 2491 1456 2556 Crossebi
1484 2497 1554 2556 et
1581 2491 1760 2556 Lece.

742 2593 1033 2645 chxvn.
1081 2578 1277 2643 Carta
1318 2578 1552 2662 Rogeri
1595 2576 2090 2662 Archiepiscopi
2119 2576 2200 2642 (16
2229 2576 2720 2642 confirmatione
2748 2576 2836 2642 de

1156 2665 1409 2731 Cotum.

713 2767 1027 2817 cmvm.
1074 2752 1269 2818 Carta
1297 2751 1532 2836 Rogeri
1561 2749 2052 2837 Archiepiscopi
2082 2749 2164 2816 (16
2193 2750 2632 2834 Welleburna,

759 2855 1025 2904 chxnt.
1076 2838 1274 2904 Carta
1304 2839 1539 2924 Rogeri
1563 2837 2059 2922 Archiepiscopi
2088 2837 2170 2902 (16
2199 2837 2569 2906 Houetona.

788 2941 1024 2991 cmxx.
1072 2925 1267 2991 Carta
1299 2926 1533 3010 Rogeri
1564 2925 2054 3010 Archiepiscopi
2082 2924 2165 2990 de
2195 2923 2512 2990 Scaltona.

765 3029 1034 3078 cmxl.
1082 3012 1277 3078 Carta
1306 3011 1640 3097 Radulphi
1669 3013 1941 3077 Batonis
1969 3012 2052 3077 de
2083 3011 2404 3077 Scaltona.
2469 3053 2475 3056 -

748 3113 1038 3164 cmm.
1084 3099 1559 3166 Testimonium
1588 3098 1880 3184 Capituli
1909 3099 1970 3166 S.
2003 3099 2182 3164 Petri
2209 3099 2404 3164 Ebor.
2433 3099 2516 3164 de
2537 3098 2838 3164 Rievalle

1161 3186 1244 3252 de
1274 3185 1425 3250 Grif
1448 3195 1516 3252 et
1544 3186 1916 3252 Tillestona.

720 3288 1037 3339 cnxxxm.
1081 3273 1556 3338 Testimonium
1586 3273 1878 3358 Capituli
1921 3273 1983 3340 S.
2015 3273 2196 3340 Petri
2227 3273 2416 3339 Ebor.
2447 3273 2529 3339 de
2568 3270 2726 3338 Grif
2761 3280 2838 3338 et

1163 3360 1517 3426 Huctredo.

727 3462 1033 3512 CLXXXIV.
1080 3446 1459 3532 Capitulum
1487 3447 1763 3512 Eboraci
1793 3446 1875 3512 de
1904 3446 2235 3512 Wellebru
2243 3466 2340 3513 ne.

753 3549 1031 3598 cmxv,
1078 3533 1274 3600 Carta
1304 3535 1595 3621 Capituli
1624 3534 1706 3599 (16
1737 3533 2020 3599 Radulfo
2051 3533 2242 3599 Beler
2270 3532 2352 3599 de
2381 3533 2760 3600 Houetuna.

732 3636 1039 3686 cmtxxw.
1086 3621 1465 3707 Capitulum
1494 3622 1558 3688 S.
1584 3622 1764 3688 Petri
1790 3621 1873 3687 (16
1903 3621 2094 3687 Petro
2124 3620 2207 3686 de
2238 3621 2568 3688 Houetun.

703 3723 1034 3773 chxxvn.
1084 3709 1463 3795 Capitulum
1494 3709 1556 3774 S.
1589 3709 1769 3774 Petri
1797 3709 1880 3774 (16
1908 3709 2218 3774 Samsone
2240 3708 2638 3773 Cornuwale.

675 3810 1031 3860 cmxvm.
1078 3795 1459 3880 Capitulum
1478 3795 1539 3861 S.
1553 3796 1732 3861 Petri
1754 3795 2032 3861 Ebor.de
2053 3794 2385 3860 Rannulfo
2403 3794 2483 3860 de
2493 3793 2843 3860 Folketun.

729 3897 1038 3948 clxxxnt.
1087 3882 1283 3948 Carta
1309 3883 1391 3948 (16
1412 3882 1780 3948 Kirkeham
1809 3883 1892 3948 de
1917 3882 2188 3948 decimis
2217 3883 2446 3967 prima.

891 3985 1033 4034 cxc.
1083 3971 1279 4035 Carta
1306 3970 1390 4036 de
1418 3969 1786 4036 Kirkeham
1813 3970 1896 4036 (16
1925 3970 2194 4035 decimis
2224 3969 2526 4036 secunda.

868 4072 1036 4122 0:101.
1085 4056 1465 4143 Capitulum
1496 4057 1802 4123 Dunelm:
1835 4056 1916 4123 de
1946 4056 2215 4122 decimis
2243 4055 2326 4121 de
2355 4057 2610 4122 Cotum.

836 4158 1030 4209 oxon.
1080 4144 1501 4210 Confirmatio
1547 4144 1781 4230 Rogeri
1823 4143 2316 4230 Archiepiscopi
2357 4143 2442 4210 de
2489 4141 2849 4210 donatione

1165 4231 1489 4298 willelmi
1516 4231 1600 4298 de
1627 4230 1839 4298 Vesci.

618 4449 639 4481 ¹
672 4449 804 4501 This
825 4447 933 4500 last
962 4447 1087 4500 title
1119 4449 1167 4500 is
1206 4450 1429 4502 written
1463 4447 1524 4501 in
1559 4465 1596 4502 a
1631 4449 1774 4502 later
1810 4448 1958 4501 hand
1995 4449 2132 4502 than
2163 4448 2288 4502 that
2323 4449 2384 4500 of
2419 4447 2514 4501 the
2548 4447 2862 4520 preceding

559 4517 777 4579 entries,
802 4513 911 4566 and
932 4513 989 4565 in
1010 4513 1163 4581 paler
1184 4514 1296 4568 ink.
