3075 5009
1195 509 1535 557 APPENDIX.
2384 496 2504 556 41⁷

232 683 395 742 pace,
424 661 767 738 honorifice,
791 664 1026 744 integre
1055 673 1119 726 et
1144 665 1433 759 plenarie,
1457 665 1616 727 sicut
1635 665 1772 728 Rex
1801 665 2116 739 Henricus,
2142 685 2292 726 avus
2319 664 2510 744 ipsius

230 743 431 824 Regis,
474 765 545 806 ea
584 745 786 806 tenuit
826 746 889 806 in
932 746 1233 808 dominico
1274 767 1385 808 suo
1426 747 1525 808 die
1568 767 1691 828 qua
1729 747 1850 808 fuit
1891 747 2066 808 vivus
2107 755 2172 808 et
2211 755 2504 820 mortuuS,

231 825 421 887 libera
448 835 511 887 et
538 826 746 906 quieta
772 827 851 888 de
878 829 1045 890 omni
1072 835 1316 891 terreno
1344 828 1614 904 servicio,
1639 829 1868 890 virtute
1897 829 2071 908 cujus
2099 835 2280 889 cartae
2299 827 2508 890 Abbas

228 908 335 986 qui
378 928 539 968 nunc
582 919 691 982 est,
723 917 787 969 et
826 908 1107 971 similiter
1146 931 1353 971 omnes
1382 911 1655 972 Abbates
1697 909 1811 971 loci
1853 909 2140 990 praedicti,
2187 909 2508 990 praedeces-

228 1008 395 1050 sores
434 989 547 1064 sui,
590 1009 829 1068 semper
862 1011 899 1052 a
939 999 1213 1072 tempore
1253 992 1645 1053 confectionis
1686 991 1962 1071 ejusdem
2005 999 2184 1052 cartae
2225 991 2321 1052 usi
2362 999 2506 1052 sunt

227 1070 577 1150 hujusmodi
604 1071 1003 1148 libertatibuS,
1035 1074 1199 1153 quod
1228 1073 1431 1135 nullus
1458 1073 1734 1134 minister
1755 1073 1994 1135 forestae
2015 1073 2093 1134 de
2121 1073 2502 1152 Pykerynge‚

228 1161 339 1212 aut
364 1152 521 1213 alius
547 1153 901 1215 forestarius
927 1154 1305 1234 quicumque,
1340 1176 1403 1216 se
1432 1155 1752 1234 quicquam
1794 1155 1856 1214 in
1899 1154 2184 1216 maneriis
2203 1153 2505 1234 praedictis

228 1233 713 1311 intromitteret,1
735 1243 957 1316 praeter
976 1237 1175 1315 ipsum
1194 1237 1501 1298 Abbatem
1530 1245 1593 1298 et
1619 1236 1928 1298 ministros
1954 1255 2114 1312 suos,
2138 1244 2202 1296 et
2229 1234 2506 1296 similiter

227 1315 394 1394 quod
421 1316 679 1396 agistare
708 1318 911 1379 averia
938 1337 1311 1397 quaecunque
1338 1319 1403 1378 in
1432 1318 1714 1378 maneriis
1741 1317 2061 1396 praedictiS,
2085 1318 2248 1378 infra
2261 1325 2504 1378 vastum

228 1396 601 1476 praedictum,
632 1398 817 1460 debet
842 1419 954 1478 pro
980 1398 1297 1461 voluntate
1338 1420 1483 1462 sua:
1521 1399 1606 1460 Et
1644 1399 1760 1460 hoc
1801 1407 2048 1479 paratus
2077 1405 2171 1460 est
2195 1399 2504 1460 verificare

228 1499 339 1558 per
376 1479 687 1542 ministros
728 1480 1003 1560 ejusdem
1045 1480 1285 1543 forestae
1328 1489 1511 1560 prout
1551 1489 1732 1543 cartae
1773 1491 1884 1542 etc.
1971 1480 2121 1543 Ideo
2161 1479 2504 1560 inquiratur

224 1559 369 1621 inde
412 1561 633 1623 veritas
674 1582 785 1642 per
824 1561 1069 1624 eosdem
1118 1569 1229 1624 etc.
1318 1563 1434 1638 Qui
1484 1562 1714 1624 scilicet
1765 1563 2078 1635 forestarii,
2127 1561 2395 1622 viridarii
2440 1573 2503 1622 et

224 1642 665 1722 regardatores,
692 1663 875 1722 super
902 1643 1015 1705 hoc
1044 1644 1279 1705 onerati
1306 1653 1371 1706 et
1396 1644 1602 1724 jurati,
1623 1644 1837 1705 dicunt
1863 1663 2044 1724 super
2063 1651 2501 1704 sacramentum

224 1744 407 1784 suum
448 1725 647 1804 quoad
690 1724 973 1786 clamium
1000 1725 1162 1804 quod
1192 1725 1356 1787 idem
1381 1725 1592 1787 Abbas
1619 1725 1765 1786 facit
1791 1725 1956 1806 quod
1997 1724 2202 1787 nullus
2228 1724 2503 1786 minister

226 1806 485 1882 forestae,
530 1815 639 1868 aut
677 1807 830 1868 alius
871 1807 1222 1870 forestarius
1263 1807 1624 1887 quicunque,
1655 1827 1719 1870 se
1747 1807 2072 1888 quicquam
2111 1806 2176 1866 in
2217 1807 2502 1868 maneriis

228 1886 531 1966 praedictis
571 1888 945 1950 intromittat
990 1896 1209 1967 praeter
1264 1890 1463 1969 ipsum
1510 1888 1821 1951 Abbatem
1869 1897 1934 1950 et
1978 1889 2288 1950 ministros
2342 1907 2498 1962 suos,

226 1968 393 2048 quod
420 1970 681 2030 ministri
706 1970 949 2031 forestae
974 1970 1297 2049 praedictae,
1328 1991 1365 2032 a
1390 1980 1664 2050 tempore
1689 1991 1812 2050 quo
1843 1991 1968 2033 non
1995 1978 2170 2032 extat
2195 1969 2501 2042 memoria,

226 2071 291 2112 se
318 2049 779 2113 intromiserunt
806 2052 871 2112 in
898 2051 1181 2113 maneriis
1208 2051 1512 2132 praedictis
1540 2059 1669 2114 tam
1689 2053 1766 2115 de
1795 2051 2082 2132 regardis,
2107 2059 2172 2113 et
2198 2051 2502 2132 leporibus

226 2131 454 2194 ibidem
483 2133 691 2212 captis,
722 2153 906 2212 quam
933 2133 1010 2194 de
1038 2134 1377 2196 venatione.
1464 2133 1633 2209 Ideo,
1663 2133 1865 2214 quoad
1893 2134 2022 2210 hoc,
2055 2133 2501 2196 consideratum

226 2221 322 2274 est
349 2214 515 2294 quod
556 2214 717 2276 idem
745 2214 955 2277 Abbas
982 2215 1167 2277 nichil
1196 2216 1359 2296 capit
1398 2236 1507 2296 per
1533 2215 1819 2277 clamium
1859 2236 2038 2278 suum
2063 2216 2129 2276 in
2155 2215 2268 2279 hac
2307 2223 2498 2294 parte,

224 2303 321 2356 set
348 2295 430 2356 sit
455 2296 518 2356 in
546 2296 957 2358 misericordia
990 2317 1101 2376 pro
1127 2298 1379 2377 praefato
1408 2297 1668 2360 clamore
1695 2318 1822 2360 su0.
1905 2297 1988 2358 Et
2014 2295 2214 2377 quoad
2258 2295 2502 2358 clamor-

225 2398 324 2439 em
367 2397 545 2438 suum
586 2377 750 2458 quod
790 2378 1053 2458 agistare
1090 2378 1157 2439 in
1184 2379 1465 2440 maneriis
1492 2379 1798 2460 praedictis
1825 2377 2009 2441 debet
2049 2399 2159 2458 pro
2187 2377 2502 2439 voluntate

224 2479 351 2534 sua,
397 2458 610 2520 dicunt
650 2459 835 2521 iidem
874 2459 1137 2522 ministri
1179 2460 1341 2540 quod
1381 2461 1592 2523 Abbas
1634 2461 1740 2541 qui
1780 2480 1943 2523 nunc
1983 2468 2092 2535 est,
2124 2467 2188 2520 et
2227 2459 2505 2520 similiter

224 2561 436 2602 omnes
474 2541 737 2602 Abbatis
777 2540 893 2602 loci
934 2541 1227 2622 praedicti,
1271 2542 1737 2622 praedecessores
1778 2541 2054 2621 praedicti
2092 2540 2354 2602 Abbatis
2395 2540 2500 2620 qui

225 2643 387 2683 nunc
417 2630 527 2698 est,
550 2643 587 2682 a
607 2630 881 2702 tempore
903 2623 1297 2686 confectionis
1318 2633 1497 2686 cartae
1525 2624 1848 2704 praedictae,
1873 2631 1936 2686 et
1955 2623 2187 2684 virtute
2205 2620 2498 2702 ejusdem,

224 2705 319 2764 usi
364 2713 511 2764 sunt
549 2705 809 2784 agistare
850 2705 913 2766 in
955 2705 1241 2766 maneriis
1282 2705 1588 2785 praedictis
1637 2726 1749 2785 pro
1787 2704 2106 2767 voluntate
2147 2724 2272 2778 sua,
2320 2715 2503 2783 prout

222 2785 501 2866 superius
548 2785 861 2848 clamatur.
966 2787 1117 2849 Ideo
1170 2786 1334 2849 idem
1380 2788 1592 2850 Abbas
1639 2787 1793 2849 illud
1839 2786 2119 2849 clamium
2163 2786 2385 2847 habeat
2439 2795 2501 2847 et

222 2867 489 2948 gaudeat
530 2867 644 2929 sibi
672 2876 736 2930 et
764 2868 1207 2932 successoribus
1235 2869 1359 2930 suis
1388 2869 1454 2930 in
1495 2877 1876 2950 perpetuum,
1905 2868 2076 2930 salvo
2102 2887 2339 2947 semper
2365 2868 2500 2946 jure

222 2957 338 3011 etc.

306 3031 515 3093 Abbas
570 3029 647 3093 de
703 3031 977 3094 RievaUe
1024 3031 1246 3094 clamat
1300 3052 1429 3094 esse
1478 3031 1722 3112 quietus
1775 3032 1839 3092 in
1893 3031 2179 3093 maneriis
2227 3031 2352 3092 suis
2399 3030 2500 3092 del

222 3113 729 3207 Marreys—scil„
772 3113 1209 3190 Loftmarreys,
1253 3112 1449 3189 Lund‚
1494 3113 1557 3174 N
1559 3113 1830 3188 eustede,
1858 3121 1921 3174 et
1964 3112 2392 3192 Kekmarreys,
2421 3111 2500 3174 de

220 3194 676 3274 expeditatione
704 3215 940 3272 canum,
968 3202 1032 3256 et
1058 3195 1137 3257 de
1164 3195 1443 3257 omnibus
1470 3194 1606 3256 aliis
1645 3196 1846 3258 assisis
1886 3196 2145 3270 forestae,
2175 3203 2396 3274 praeter
2423 3194 2500 3256 de

220 3277 565 3352 venatione,
623 3276 899 3356 regard0,
954 3285 1021 3338 et
1074 3277 1355 3357 captione
1408 3277 1720 3357 leporum:
1789 3287 1855 3340 et
1906 3277 2059 3338 dicit
2113 3277 2277 3356 quod
2335 3275 2496 3338 idem

219 3358 522 3420 Dominus
564 3357 885 3434 Heni-icus,
926 3359 1235 3438 quondam
1274 3359 1410 3420 Rex
1450 3359 1711 3439 Angliae‚
1755 3365 1819 3420 et
1859 3358 2209 3438 progenitor
2249 3358 2500 3420 Domini

220 3439 407 3520 Regis
455 3461 633 3516 nunc,
680 3440 854 3502 dedit
894 3449 959 3502 et
1000 3447 1169 3502 carta
1216 3460 1325 3502 sua
1367 3441 1748 3502 confirmavit
1793 3441 1928 3502 Deo
1975 3449 2040 3502 et
2077 3440 2137 3501 S.
2181 3440 2395 3501 Mariae
2437 3449 2502 3501 et

220 3522 503 3583 Ecclesiae
548 3541 673 3583 suae
720 3523 799 3584 de
842 3521 1155 3601 Ryevalle,
1206 3530 1271 3584 et
1324 3522 1636 3583 monachis
1688 3522 1916 3583 ibidem
1959 3570 1974 3586 .
2019 3568 2034 3584 .
2077 3569 2089 3582 .
2139 3541 2252 3601 pro
2299 3523 2501 3584 anima

217 3603 465 3684 gloriosi
518 3603 721 3684 Regis,
779 3603 879 3664 avi
932 3605 1029 3666 sui
1072 3651 1089 3666 .
1134 3651 1149 3666 .
1193 3651 1209 3664 .
1252 3603 1317 3664 in
1361 3603 1616 3666 liberam
1661 3649 1675 3666 .
1716 3651 1732 3666 .
1783 3649 1796 3665 .
1840 3603 2246 3676 elemosinam,
2299 3610 2498 3664 totum

219 3693 461 3746 vastum
490 3705 665 3746 suum
694 3691 758 3747 et
784 3693 980 3746 totam
1006 3693 1321 3765 pasturam
1347 3705 1519 3747 suam
1548 3686 1764 3747 subtus
1791 3684 2173 3764 Pykerynge,
2204 3705 2342 3746 cum
2371 3705 2500 3765 per-

218 3766 499 3828 tinenciis
526 3768 691 3844 suis3
732 3767 799 3828 in
826 3787 948 3846 quo
976 3768 1224 3846 quidem
1252 3775 1425 3830 vasto
1452 3768 1722 3829 maneria
1747 3767 2038 3846 praedicta
2065 3766 2247 3829 modo
2275 3767 2501 3828 situata

215 3857 379 3924 sunt,
424 3849 487 3909 in
530 3849 737 3928 pratis,
767 3850 1049 3929 pasturis,
1081 3856 1214 3924 etc„
1246 3857 1310 3912 et
1348 3850 1415 3910 in
1458 3850 1740 3912 omnibus
1767 3848 1900 3911 aliis
1937 3849 2118 3910 rebus
2159 3869 2267 3928 per
2307 3856 2500 3910 certas

216 3939 413 3993 metas
438 3931 504 3991 in
532 3930 742 3992 eadem
784 3941 950 3992 carta
990 3939 1321 4005 contentas,
1352 3931 1480 3993 haec
1522 3929 1858 4012 optinenda
1894 3931 1960 3990 in
2000 3930 2254 3992 liberam
2287 3931 2500 3992 elemo-

216 4013 413 4074 sinam
454 4020 589 4088 etc.,
619 4020 685 4073 et
710 4012 915 4092 quiete
955 4013 1033 4074 de
1076 4013 1241 4075 omni
1282 4013 1653 4088 Tementale‚
1698 4011 2068 4092 Danegelda,
2115 4021 2180 4073 et
2219 4012 2498 4074 omnibus

215 4093 457 4156 auxiliis
499 4103 564 4155 et
603 4094 805 4155 assisis
846 4102 911 4156 et
949 4095 1159 4176 geldis,
1206 4103 1269 4158 et
1316 4096 1600 4158 omnibus
1647 4092 2182 4156 consuetudinibus
2231 4103 2296 4156 et
2340 4115 2499 4155 occa-

213 4175 487 4238 sionibus
542 4185 607 4238 et
650 4175 903 4256 placitis,
962 4183 1027 4238 et
1080 4177 1157 4239 de
1213 4177 1378 4238 omni
1432 4177 1687 4240 servicio
1751 4184 1994 4240 terreno
2048 4175 2212 4255 quod
2269 4175 2382 4237 sibi
2439 4183 2502 4238 et

213 4258 654 4320 suecessoribus
682 4278 951 4338 unquam
992 4259 1305 4338 pertinuit,
1348 4279 1458 4340 per
1498 4267 1728 4322 cartam
1767 4257 2137 4339 praedictam,
2179 4276 2362 4336 quam
2403 4257 2501 4318 hic

214 4339 451 4420 profert
476 4347 541 4400 et
581 4359 716 4420 quae
757 4340 872 4402 hoc
929 4349 1229 4403 testatur:
1286 4348 1351 4402 et
1404 4340 1558 4403 dicit
1611 4340 1774 4422 quod
1833 4339 2064 4400 virtute
2120 4347 2299 4400 cartae
2355 4357 2500 4419 prae·

213 4422 392 4484 dictae
446 4421 577 4502 ipse
632 4431 699 4483 et
740 4443 950 4484 omnes
1003 4423 1279 4485 Abbates
1334 4423 1449 4484 loci
1506 4423 1796 4505 praedicti,
1855 4420 2320 4502 praedecessores
2385 4421 2495 4498 sui,

1154 4541 1173 4576 ²
1208 4545 1542 4676 Ιηιέοηιίιταε.

1298 4627 1313 4644 ·
1366 4627 1411 4677 D
