3075 5009
914 520 1389 570 CARTULARIUM
1414 521 1881 571 RIEVALLENSE.
2136 533 2144 542 ·
2413 508 2536 567 287

254 679 403 744 61116
431 679 623 744 rebus
654 699 801 764 quae
830 679 1248 744 continentur
1264 680 1436 744 infra
1454 687 1661 744 metas
1681 699 1828 763 quae
1856 680 1930 744 in
1959 679 2155 743 cartis
2177 679 2528 743 eorundem

252 767 719 832 monachorum
798 766 879 831 de
952 767 1303 832 donatione
1382 767 1676 852 praedicti
1764 767 1998 850 Rogeri
2069 765 2528 830 nominantur:

251 855 695 919 Donationem
738 903 753 916 .
800 901 815 915 .
862 901 877 918 .
925 874 1087 937 quas
1139 855 1459 919 Robertus
1510 855 1592 919 de
1651 853 1938 918 Lacelles
1983 903 1997 917 .
2047 904 2061 917 .
2108 903 2122 918 .
2171 853 2329 918 fecit
2387 853 2530 916 Deo

251 992 266 1006 .
316 993 331 1008 .
379 991 395 1006 .
440 941 519 1005 de
552 961 682 1005 una
710 940 867 1005 roda
910 948 1113 1017 terrae,
1157 962 1307 1006 cum
1349 942 1788 1024 pertinenciis,
1816 961 1934 1024 per
1976 940 2358 1023 perticatam
2401 939 2531 1002 xxa

248 1028 511 1113 pedum,
540 1028 625 1092 ad
654 1027 1064 1092 dilatandum
1085 1034 1335 1092 curtem
1364 1029 1664 1093 bercariae
1693 1049 1826 1092 suae
1856 1029 1938 1092 de
1965 1028 2288 1104 Mortona,
2311 1026 2530 1092 claud-

246 1115 489 1180 endam
519 1116 763 1180 fossato
798 1114 906 1179 vel
950 1135 1154 1191 mum,
1188 1121 1254 1179 et
1297 1116 1617 1179 utendum
1661 1115 1830 1179 sicut
1861 1115 1952 1179 eis
1983 1114 2316 1198 placuerit,
2350 1121 2419 1180 et
2448 1114 2531 1178 de

248 1203 512 1268 fossatis
542 1203 677 1266 suis
706 1201 1004 1266 levandis
1027 1202 1109 1266 ad
1128 1202 1405 1266 viridem
1426 1201 1604 1266 viam
1626 1222 1755 1287 qua
1775 1203 1910 1266 itur
1930 1222 2155 1266 versus
2186 1201 2531 1284 Bordelby,

248 1294 317 1354 et
347 1289 430 1353 de
464 1288 762 1354 habendo
805 1288 1007 1354 libere
1049 1309 1277 1373 porcos
1324 1309 1473 1353 suos
1517 1289 1874 1372 pascendos
1918 1309 2034 1372 per
2075 1295 2291 1353 totum
2343 1290 2528 1353 terri-

248 1376 496 1440 torium
524 1375 605 1440 de
636 1377 961 1454 Mortune,
994 1383 1060 1441 et
1088 1377 1171 1441 de
1214 1376 1495 1441 tenendo
1538 1376 2022 1460 imperpetuum
2051 1395 2276 1441 omnes
2305 1383 2530 1452 terraS,

248 1483 405 1528 cum
432 1463 872 1547 pertinenciiS‚
901 1484 1063 1547 quas
1095 1463 1339 1528 habent
1370 1463 1449 1527 de
1494 1464 1682 1528 feodo
1711 1483 1830 1528 suo
1858 1463 1953 1527 ita
1983 1463 2183 1528 libere
2213 1469 2281 1527 et
2309 1463 2528 1548 quiete

248 1550 423 1615 sicut
471 1551 545 1614 in
590 1551 785 1614 cartis
832 1550 1120 1634 ipsorum
1172 1551 1560 1615 donatorum
1611 1550 2020 1614 continetur:
2088 1550 2531 1615 Donationem

247 1688 262 1701 .
299 1687 314 1700 .
349 1687 366 1701 .
396 1657 558 1721 (1666
588 1637 909 1701 Robertus
926 1636 1006 1702 de
1024 1637 1345 1702 Lascelles
1375 1687 1390 1702 .
1427 1685 1442 1702 .
1476 1685 1493 1703 .
1524 1639 1683 1702 fecit
1699 1638 1842 1702 Deo
1873 1687 1886 1702 .
1917 1687 1932 1702 .
1967 1687 1984 1703 .
2017 1637 2098 1702 de
2115 1658 2248 1701 una
2277 1638 2534 1702 cultura

248 1723 593 1789 tresdecim
622 1721 761 1810 [sic]
806 1743 1098 1789 acrarum
1142 1731 1345 1800 terne,
1376 1745 1527 1788 cum
1571 1725 2008 1809 pertinenciis,
2053 1725 2123 1789 in
2170 1724 2530 1808 Herlesey:

250 1811 687 1876 Donationem
733 1861 748 1876 .
794 1858 809 1875 .
855 1859 870 1876 .
916 1831 1079 1896 quas
1126 1811 1443 1876 Ricardus
1497 1811 1577 1876 de
1637 1811 1977 1887 Lascelles,
2029 1811 2204 1876 filius
2262 1811 2527 1876 Roberti

242 1898 329 1963 de
390 1898 731 1976 Lascelles,
776 1946 791 1962 .
838 1947 852 1962 .
903 1943 919 1958 .
970 1899 1128 1963 fecit
1179 1899 1321 1964 Deo
1366 1948 1380 1963 .
1429 1946 1445 1963 .
1492 1949 1507 1964 .
1555 1899 1636 1964 de
1695 1919 1830 1963 6116
1876 1899 2134 1963 cultura
2186 1899 2528 1964 tresdecim

244 2005 537 2050 acrarum
567 1991 771 2062 terrae,
801 2005 951 2048 cum
993 1986 1431 2069 pertinenciis,
1460 1987 1531 2049 in
1579 1985 1804 2050 eadem
1847 1987 2046 2051 villa:
2091 1986 2530 2051 Donationem

246 2121 259 2134 .
309 2121 325 2136 .
370 2123 387 2138 .
434 2091 597 2156 quas
656 2073 978 2137 Robertus
1038 2073 1119 2137 de
1177 2073 1496 2138 Lascelles
1540 2123 1556 2136 .
1603 2121 1619 2138 .
1687 2123 1700 2138 .
1770 2074 1927 2137 fecit
1985 2073 2128 2137 Deo
2195 2121 2210 2136 .
2281 2123 2296 2137 .
2365 2123 2378 2137 .
2449 2073 2529 2138 de

245 2158 488 2244 viginti
518 2159 682 2224 acris
726 2165 911 2224 terrae
955 2167 1023 2225 et
1065 2161 1255 2244 prati,
1300 2180 1452 2224 cum
1494 2161 1934 2244 pertinenciiS,
1974 2161 2047 2224 in
2078 2161 2304 2224 eadem
2333 2160 2530 2224 villa:

246 2245 688 2310 Donationem
732 2295 747 2311 .
795 2296 812 2311 .
859 2296 872 2309 .
920 2267 1082 2330 quas
1141 2247 1463 2311 Robertus
1524 2248 1604 2311 de
1665 2248 1924 2311 Laceles
1983 2247 2140 2311 fecit
2198 2248 2339 2312 Deo
2386 2297 2403 2313 .
2449 2293 2462 2307 .
2514 2298 2527 2311 .

244 2333 329 2397 de
360 2332 614 2397 duabus
656 2335 907 2398 bovatis
950 2343 1153 2411 terrae,
1183 2355 1333 2398 cum
1372 2335 1812 2417 pertinenciiS,
1842 2333 1917 2396 in
1961 2334 2083 2398 Est
2122 2333 2530 2417 Herlisheye,

242 2440 413 2502 quas
464 2420 709 2484 habent
759 2441 841 2486 ex
893 2421 1061 2485 dono
1130 2421 1298 2485 Adae
1348 2421 1468 2484 filii
1520 2419 1843 2485 Willelmi
1900 2421 1982 2484 de
2033 2419 2390 2486 Hernevile
2449 2422 2531 2486 de

245 2509 370 2572 Est
414 2507 840 2591 Herlesheye,
884 2513 951 2572 et
1012 2509 1094 2571 (16
1160 2514 1439 2592 quatuor
1481 2509 1646 2572 acris
1690 2513 1877 2572 terrae
1938 2527 2102 2591 quas
2145 2506 2391 2572 habent
2450 2509 2531 2573 de

240 2595 417 2659 dono
475 2592 793 2658 Willelmi
853 2594 931 2659 de
977 2594 1313 2670 Ι66661166,
1357 2600 1425 2659 et
1482 2595 1563 2660 de
1621 2595 1907 2659 dominio
1969 2594 2050 2658 de
2093 2594 2304 2658 tribus
2365 2595 2530 2660 acris

240 2693 435 2746 terrae
482 2701 644 2765 quas
692 2681 889 2766 Hugo
940 2681 1023 2745 de
1075 2681 1250 2745 Aula
1296 2682 1512 2746 tenuit
1564 2683 1637 2745 in
1684 2681 1908 2746 eadem
1956 2680 2135 2756 villa,
2165 2688 2233 2745 et
2262 2682 2344 2746 de
2395 2701 2530 2746 uno

235 2769 409 2832 tofto
452 2789 603 2832 cum
646 2769 851 2832 crosto
895 2789 1058 2852 quos
1102 2768 1259 2844 Eva,
1302 2788 1479 2833 soror
1506 2768 1670 2834 dicti
1709 2769 1894 2845 Adae,
1935 2768 2150 2832 tenuit
2193 2769 2267 2831 in
2309 2768 2536 2833 eadem

237 2855 417 2933 villa,
446 2875 597 2919 cum
627 2855 1067 2939 pertinenciis:
1118 2853 1608 2920 concessionem
1637 2856 1922 2938 insuper,
1941 2855 2228 2939 quietam
2249 2855 2535 2920 claman-

236 2944 413 3007 ciam
453 2949 519 3006 et
548 2943 1100 3008 confirmationem
1131 2963 1291 3026 quas
1322 2942 1642 3007 Robertus
1671 2944 1751 3007 de
1783 2943 2044 3007 Laceles
2074 2943 2162 3006 de·
2187 2943 2532 3025 Bordelby‚

236 3029 449 3106 1111166,
499 3049 617 3114 per
666 3029 980 3114 scriptum
1021 3051 1216 3094 snum
1265 3029 1423 3094 fecit
1472 3030 1615 3094 Deo
1658 3077 1674 3094 .
1719 3077 1735 3094 .
1781 3079 1794 3094 .
1843 3030 1926 3094 de
1974 3029 2276 3094 omnibus
2326 3030 2533 3108 terris,

236 3116 491 3181 tenuris
537 3124 604 3181 et
641 3117 1032 3182 tenementis
1068 3137 1213 3200 quae
1253 3115 1500 3181 habent
1543 3116 1624 3181 de
1667 3116 1854 3181 feodo
1899 3137 2050 3181 suo:
2094 3116 2533 3181 Donationem

236 3253 253 3266 .
307 3255 319 3266 .
365 3253 382 3268 .
427 3223 589 3287 quas
632 3203 1003 3268 Willelmus
1048 3205 1130 3269 de
1172 3204 1509 3282 Lascelles,
1561 3203 1735 3268 filius
1778 3203 2060 3268 Andreae
2102 3202 2184 3268 de
2233 3203 2535 3280 LasceUS,

239 3343 252 3353 .
308 3341 321 3353 .
370 3339 385 3354 .
429 3291 587 3355 fecit
631 3291 773 3355 Deo
817 3340 831 3355 .
877 3342 892 3355 .
938 3339 953 3354 .
1000 3290 1081 3356 de
1126 3297 1407 3375 quatuor
1448 3291 1614 3356 acris
1656 3297 1862 3365 terrae,
1901 3310 2052 3354 66111
2095 3291 2533 3375 pertinenciiS,

238 3380 315 3440 in
373 3377 495 3441 Est
551 3377 973 3462 Herlisheye:
1039 3378 1475 3442 Donationem
1518 3427 1533 3440 .
1582 3426 1596 3441 .
1644 3426 1659 3442 .
1703 3397 1865 3462 quas
1919 3376 2306 3460 Radulphus
2355 3377 2530 3443 filius

238 3462 561 3528 willelmi
588 3464 709 3528 filii
754 3463 1051 3529 Gocelini
1079 3466 1159 3530 de
1190 3465 1427 3547 Majori
1457 3464 1812 3548 Herlesaye
1858 3513 1872 3528 .
1919 3515 1932 3528 .
1980 3514 1994 3529 .
2041 3465 2199 3528 fecit
2225 3465 2368 3529 Deo
2412 3514 2426 3529 .
2467 3514 2482 3529 .
2516 3513 2528 3528 .

233 3551 323 3615 de
352 3550 681 3616 sexdecim
722 3551 887 3616 acris
916 3561 1119 3627 terrae,
1148 3573 1299 3616 66111
1339 3551 1774 3634 pertinenciis,
1791 3551 1864 3614 in
1883 3551 2272 3634 Herlesaye:
2316 3553 2532 3616 Dona-

236 3639 487 3703 tionem
530 3687 545 3702 .
592 3687 607 3702 .
653 3687 667 3702 .
700 3659 861 3722 quas
905 3638 1273 3703 Willelmus
1315 3637 1489 3702 filius
1537 3638 1836 3702 Gocelini
1879 3639 1962 3703 (16
2007 3637 2345 3702 Η61166616
2387 3686 2402 3703 .
2448 3691 2463 3703 .
2513 3689 2526 3704 .

234 3725 396 3790 fecit
436 3724 579 3789 Deo
621 3775 636 3789 .
682 3776 697 3790 .
746 3777 761 3792 .
806 3726 887 3790 de
930 3745 1063 3790 una
1106 3746 1253 3790 acra
1294 3731 1497 3801 terrae,
1543 3745 1694 3788 cum
1737 3725 2173 3808 pertinenciis,
2202 3725 2276 3789 in
2303 3725 2532 3790 eadem

236 3811 441 3877 ville:
486 3813 922 3878 Donationem
976 3861 989 3876 .
1032 3863 1047 3878 .
1094 3863 1108 3878 .
1154 3833 1316 3896 quas
1361 3811 1677 3877 Girardus
1713 3811 1794 3877 de
1838 3811 2118 3891 Laceles,
2162 3811 2336 3876 filius
2365 3812 2530 3878 Adae

234 3900 320 3964 de
349 3899 629 3976 11666166,
670 3949 687 3964 .
738 3949 753 3965 .
798 3949 815 3964 .
860 3901 1017 3964 fecit
1050 3900 1195 3964 Deo
1237 3945 1251 3960 .
1303 3950 1318 3964 .
1365 3949 1380 3964 .
1424 3899 1505 3964 de
1535 3919 1652 3962 sex
1680 3899 1846 3964 acris
1889 3906 2096 3976 terrae,
2126 3919 2276 3963 cum
2319 3900 2528 3964 omni·

234 3989 362 4051 bus
383 3987 801 4071 pertinenciis
818 3993 886 4051 et
904 3987 1314 4052 libertatibus
1338 3986 1491 4063 suis,
1512 3986 1585 4050 in
1603 3986 1828 4051 eadem
1847 3987 2008 4050 villa
2029 4013 2044 4051 ε
2089 3987 2528 4052 Donationem

234 4126 249 4138 .
298 4124 315 4138 .
360 4122 375 4138 .
423 4093 585 4158 (11166
614 4073 893 4138 Τ11611166
921 4073 1095 4139 filius
1126 4073 1319 4140 Gilde
1348 4072 1429 4139 de
1470 4073 1772 4138 Neusum
1819 4123 1832 4138 .
1879 4123 1893 4138 .
1940 4125 1954 4138 .
1999 4073 2157 4138 fecit
2199 4073 2342 4138 Deo
2386 4122 2401 4139 .
2445 4122 2461 4139 .
2508 4121 2524 4140 .

234 4161 321 4226 de
348 4169 598 4245 septem
627 4162 793 4225 acris
822 4167 1025 4237 terrae,
1054 4181 1203 4226 cum
1245 4159 1684 4245 pertinenciis,
1714 4161 1785 4224 in
1829 4161 2162 4226 Neusum:
2207 4159 2528 4226 Donatio—

233 4267 389 4312 nem
429 4247 713 4332 insuper,
756 4247 1325 4325 confirmationem,
1352 4247 1644 4332 quietam
1689 4248 2112 4313 clamanciam
2157 4251 2225 4312 et
2267 4267 2524 4313 conces-

233 4335 485 4400 sionem
536 4356 697 4419 quas
741 4335 1019 4399 Thomas
1063 4334 1237 4399 filius
1280 4335 1456 4400 Gillo
1500 4383 1517 4399 .
1563 4385 1578 4400 .
1627 4383 1644 4402 .
1687 4335 1845 4401 fecit
1895 4336 2038 4401 Deo
2081 4383 2098 4399 .
2143 4381 2159 4398 .
2205 4381 2221 4398 .
2268 4333 2348 4399 de
2389 4354 2524 4399 una

230 4441 384 4488 acra
411 4429 614 4498 teme,
644 4443 795 4486 cum
822 4421 1258 4506 pertinenciis,
1286 4421 1359 4485 in
1390 4422 1741 4500 Newhous,
1769 4429 1837 4488 et
1865 4423 1945 4487 de
1989 4427 2128 4487 tota
2173 4429 2359 4503 parte
2403 4441 2534 4487 sua

228 4529 421 4594 aqnae
464 4508 549 4574 de
592 4509 780 4574 Teisa
829 4509 1137 4574 deversns
1180 4509 1525 4592 piscariam
1577 4529 1836 4575 eorum:
1895 4507 2333 4574 Donationem
2381 4558 2396 4574 .
2442 4557 2458 4574 .
2503 4557 2520 4576 .
