3075 5009
930 516 1403 566 GARTULARIUM
1428 517 1892 567 MEVALLENSE.
2422 508 2451 568 l
2464 508 2544 569 99

269 673 654 739 auctoritate
683 675 943 760 propria
972 695 1311 760 exponere,
1332 675 1745 740 universitati
1773 678 2004 740 vestrae
2031 695 2147 760 per
2174 677 2550 760 Apostolica

267 761 512 846 scripta
538 762 968 846 praecipiendo
998 761 1380 827 mandamus
1396 763 1726 847 quatinus,
1743 762 2074 828 occasione
2090 762 2269 828 illius
2300 765 2548 840 statuti,

267 849 500 913 fratres
538 849 980 914 Cisterciensis
1026 849 1291 915 Ordinis
1334 869 1467 913 non
1509 850 1771 934 cogatis,
1799 869 1920 914 nec
1955 849 2347 934 permittatis
2375 871 2545 916 com·

266 934 447 1019 pelli,
506 934 787 1000 decimas
838 936 1087 1000 solvere
1145 934 1226 1000 de
1282 937 1472 1001 terris
1522 956 1686 1020 quas
1743 937 2024 1020 propriis
2072 937 2374 1003 manibus
2433 945 2548 1002 aut

268 1021 641 1106 sumptibus
684 1023 1102 1100 excoluerint,
1144 1023 1284 1088 sive
1326 1023 1461 1087 sint
1510 1043 1736 1088 eorum
1785 1023 2062 1108 propria,
2090 1025 2230 1090 sive
2272 1025 2356 1089 ab
2399 1024 2548 1089 aliis

267 1109 447 1193 ipsas
474 1116 756 1174 teneant.
848 1109 1317 1175 Gravissimum
1348 1109 1523 1174 enim
1554 1115 1623 1174 et
1649 1110 2176 1175 molestissimum
2219 1111 2549 1187 habemus,

269 1215 393 1260 nec
435 1195 758 1280 possimus
792 1217 978 1282 aequo
1006 1196 1223 1261 animo
1251 1197 1407 1281 pati,
1434 1197 1509 1275 si,
1540 1198 1872 1262 occasione
1899 1197 2078 1262 illius
2122 1199 2370 1276 statuti,
2399 1219 2550 1264 auc·

269 1282 524 1347 toritati
594 1283 920 1370 privilegii
987 1284 1377 1368 derogaretis
1448 1284 1622 1368 quod
1697 1284 2029 1349 Fratribus
2105 1284 2552 1350 cisterciensis

271 1369 539 1522 OrdK'ng?
554 1371 855 1520 Bnoscitur
884 1370 968 1435 ab
995 1369 1375 1456 Apostolica
1403 1371 1570 1436 Sede
1597 1370 1944 1436 indultum.
2013 1371 2192 1436 Data
2220 1371 2553 1457 Anagniae‚

267 1457 341 1521 vi
610 1458 936 1523 abr-uarii.²
2289 1509 2298 1518 .

359 1631 711 1698 CCLXXI.
742 1649 1021 1698 ccmV.
1050 1632 1425 1699 Alexander
1452 1681 1469 1699 .
1494 1682 1511 1699 .
1543 1683 1560 1699 .
1590 1632 1838 1698 Abbati
1854 1640 1922 1698 et
1937 1632 2274 1698 Fratribus
2301 1633 2556 1698 Rieval-
2577 1641 2696 1734 1²03*
2715 1643 2840 1685 Alex·

269 1717 563 1784 lensibus
586 1770 601 1785 .
638 1769 655 1785 .
684 1770 700 1786 .
732 1721 902 1785 Cum
931 1720 1241 1786 Ordinem
1272 1720 1764 1786 Cisterciensem
1804 1720 2077 1804 professi
2105 1741 2182 1785 eo
2214 1719 2553 1805 privilegio
2574 1694 2820 1786 ἓὲιοῗοῗοε

318 1826 405 1870 uo
420 1805 653 1872 fratres
681 1807 795 1872 alii
837 1807 1189 1892 gaudeatis,
1216 1808 1389 1872 inter
1415 1828 1532 1872 vos
1562 1815 1633 1872 et
1672 1806 1938 1872 clericos
1982 1806 2318 1872 saeculares
2361 1827 2554 1892 super
2575 1795 2868 1886 ssffigfffflt

308 1899 337 1956 1
350 1893 464 1977 71]
508 1892 775 1959 decimis
806 1896 1161 1979 quaestione
1190 1894 1469 1972 suborta,
1499 1894 1698 1960 tacito
1727 1894 1901 1979 quod
1933 1893 2078 1960 sitis
2110 1895 2552 1960 Cisterciensis
2577 1896 2806 1988 312⁵}ss
2807 1945 2839 1986 d

334 1980 561 2058 rdinis,
588 1987 813 2046 contra
842 2001 957 2046 vos
986 1981 1181 2046 velud
1224 1982 1296 2046 in
1325 1982 1674 2047 monachos
1701 1981 1970 2046 alterius
2013 1980 2277 2046 Ordinis
2303 1980 2554 2046 litteras
2577 1997 2831 2089 imghusner·

273 2087 314 2131 a
357 2067 523 2133 Sede
564 2068 942 2152 Apostolica
987 2069 1407 2153 inpetrantes,
1448 2067 1738 2133 Domum
1783 2075 2069 2133 vestram
2110 2068 2356 2152 litigiis,
2386 2068 2556 2134 sicut
2578 2047 2826 2152 ζξιηῖὲξώ,

272 2153 791 2238 significantibus
849 2156 1033 2220 vobis
1092 2155 1476 2240 accepimus,
1534 2163 1604 2220 et
1662 2154 1964 2240 expensis
2022 2154 2398 2220 difficilibus
2455 2155 2558 2220 in·

272 2241 589 2324 quietant.
677 2241 990 2307 Volentes
1017 2242 1219 2328 igitur
1247 2243 1525 2307 sollicite
1547 2241 1884 2327 providere
1911 2262 1996 2307 ne
2025 2249 2252 2307 contra
2268 2247 2558 2307 tenorem

272 2327 760 2412 privilegiorum
812 2337 1177 2394 nostrorum
1228 2329 1493 2413 possitis
1547 2329 1841 2414 qualibet
1896 2329 2262 2414 temeritate
2321 2330 2559 2405 vexari,

272 2415 659 2481 auctoritate
688 2417 1064 2500 Apostolica
1084 2417 1269 2482 vobis
1288 2415 1703 2500 indulgemus
1725 2422 1802 2480 ut
1823 2416 1900 2493 si,
1919 2423 2144 2480 contra
2161 2415 2346 2480 vobis
2365 2435 2560 2501 super

274 2501 543 2567 decimis
572 2503 678 2568 vel
706 2503 854 2568 aliis
883 2524 1029 2588 quae
1060 2503 1291 2568 Ordini
1319 2509 1535 2568 vestro
1566 2502 1934 2587 specialiter
1961 2501 2341 2586 Apostolica
2363 2501 2560 2567 Sedes

270 2587 567 2667 indulsit,
586 2610 719 2654 non
737 2591 908 2656 facta
928 2591 1257 2655 mentione
1278 2589 1722 2656 Cisterciensis
1745 2589 2027 2665 Ordinis,
2055 2588 2289 2653 litteras
2318 2589 2563 2654 fuerint

272 2695 315 2740 a
336 2675 503 2740 Sede
534 2677 911 2760 Apostolica
951 2678 1312 2761 inpetratae,
1356 2677 1449 2742 eis
1478 2677 1748 2742 minime
1777 2675 2134 2742 teneamini
2160 2675 2560 2760 respondere.

270 2763 450 2828 Data
477 2763 795 2842 Laterani,
826 2764 876 2828 ii
904 2763 1053 2828 Kal.
1087 2763 1339 2828 Mensis
1372 2763 1616 2828 Martii.

622 2900 781 2986 [Tlae
807 2902 1071 2986 ‘tm-itinq
1097 2902 1239 2966 here
1266 2903 1325 2966 is
1351 2901 1539 2966 much·
1566 2900 1822 2966 smaller
1851 2901 1988 2966 and
2016 2901 2227 2988 laten]

365 3036 756 3102 chxxu
801 3038 1134 3103 Honorius
1151 3037 1179 3076 ²
1222 3087 1237 3102 .
1281 3087 1297 3104 .
1344 3087 1357 3101 .
1408 3036 1728 3102 universis
1756 3037 2126 3102 Abbatibus
2156 3045 2223 3102 et
2257 3019 2559 3103 fratribus

274 3123 723 3190 cisterciensis
774 3125 1037 3190 Ordinis
1087 3145 1205 3208 per
1252 3145 1525 3208 regnum
1578 3123 1839 3209 Angliae
1891 3124 2280 3190 constitutis
2393 3123 2560 3190 Cum

272 3210 810 3296 contemplationi
839 3211 1221 3276 vacantibus
1250 3218 1327 3275 ut
1368 3210 1640 3276 videant
1683 3231 1880 3294 quam
1923 3212 2143 3276 suavis
2173 3217 2271 3276 est
2301 3208 2558 3298 [Domi-

274 3298 435 3383 nus]
463 3304 581 3362 etc.
671 3298 921 3363 Datum
952 3297 1271 3375 Laterani,
1302 3297 1372 3362 xi
1400 3297 1554 3363 Kal.
1583 3299 1630 3362 J
1635 3298 1754 3362 ulii
1785 3297 2025 3364 Pontis.
2055 3297 2278 3375 nostri,
2306 3299 2398 3362 Αο
2419 3299 2526 3364 v‘0.

362 3459 780 3526 CGLXXIV.
798 3459 1130 3526 Honorius
1158 3509 1173 3525 .
1206 3509 1222 3525 .
1252 3509 1267 3526 .
1299 3458 1780 3525 venerabilibus
1798 3458 2121 3536 fratribus,
2140 3458 2558 3546 S[tephano]⁸
2581 3479 2769 3524 sanan
2791 3481 2898 3523 suu

276 3547 599 3624 Cantuar„
652 3547 907 3613 Sanctae
936 3547 1117 3612 Rom.
1142 3546 1451 3612 Ecclesiae
1482 3546 1829 3623 cardinali,
1853 3552 1920 3611 et
1945 3546 2292 3631 W[a.ltero]
2312 3545 2340 3584 ⁴
2367 3547 2553 3612 Ebor.
2581 3532 2807 3626 fflffg‘ffl,

272 3634 817 3719 Archiepiscopis,
861 3642 929 3699 et
994 3655 1217 3699 eorum
1276 3634 1714 3718 suffraganeis,
1753 3653 1828 3697 ac
1879 3632 2135 3698 dilectis
2185 3634 2358 3711 filiis,
2407 3633 2556 3698 aliis
2581 3643 2653 3676 ¹¹¹·

274 3721 583 3787 Ecclesiae
628 3721 919 3785 Praelatis
948 3742 1065 3805 per
1095 3721 1395 3786 Cantuar.
1428 3728 1495 3785 et
1521 3721 1712 3786 Ebor.
1745 3719 2120 3786 Provincias
2166 3721 2554 3786 constitutis.

276 3809 449 3876 Cum
477 3807 769 3873 Abbates
801 3808 1243 3874 cisterciensis
1268 3808 1550 3886 Ordinis,
1578 3813 1867 3891 tempore
1891 3807 2169 3872 Concilii
2201 3807 2556 3885 Generalis,

273 3897 359 3964 ad
390 3895 973 4021 commonitionem¹⁵
1000 3894 1209 3961 felicis
1237 3895 1562 3960 memoriae
1605 3894 2032 3980 I[nnocentii]
2077 3895 2289 3980 Papae,
2317 3895 2558 3981 praede-

273 3982 547 4050 cessoris
574 3982 799 4060 nostri,
827 3987 942 4047 etc.

340 4129 363 4164 ²
396 4129 500 4183 No.
526 4143 720 4181 ocnxx.
747 4129 805 4181 in
828 4129 921 4180 the
944 4129 1247 4196 Appendix.
1473 4130 1625 4182 work
1659 4147 1771 4182 was
1813 4131 1973 4182 much
2005 4131 2101 4182 the
2143 4147 2290 4182 more
2333 4138 2552 4184 correct.

340 4195 365 4229 ¹
395 4196 669 4247 Honorius
702 4207 788 4246 m.
876 4195 1049 4246 There
1080 4195 1127 4247 is
1159 4212 1193 4246 a
1224 4211 1362 4262 copy
1474 4196 1590 4247 The
1609 4196 1782 4247 whole
1813 4196 1975 4248 series
2007 4196 2065 4247 of
2095 4196 2408 4249 document·
2439 4213 2560 4248 now

274 4262 335 4314 of
355 4261 469 4314 this
489 4260 615 4311 Bun
647 4261 705 4312 in
728 4261 823 4312 the
842 4261 1076 4312 Fur-nass
1098 4260 1355 4324 Coucher,
1473 4278 1545 4313 on
1598 4261 1744 4312 hand
1797 4263 1844 4312 is
1909 4261 2074 4328 badly
2139 4261 2350 4342 copied.
2449 4263 2550 4316 No.

276 4327 383 4380 No.
437 4339 727 4379 ooonxxvl.
820 4325 877 4377 It
930 4326 977 4376 is
1032 4342 1065 4376 a
1118 4341 1360 4378 common
1476 4339 1742 4380 comm.
1771 4327 1829 4378 in
1849 4326 1946 4378 the
1967 4327 2268 4394 Appendxx.

274 4393 431 4444 form.
506 4391 740 4457 corrupt
783 4407 843 4442 as
886 4391 933 4442 is
970 4391 1130 4442 much
1168 4392 1227 4443 of
1268 4391 1365 4444 the
1540 4391 1565 4425 ⁸
1597 4392 1690 4444 Sta
1728 4393 1832 4444 hen
1855 4392 2117 4458 Langton,
2149 4393 2276 4444 lmss
2297 4397 2356 4443 to
2381 4393 2522 4444 1228.

276 4458 519 4513 coneha
538 4473 693 4523 copy,
714 4461 825 4521 yet,
846 4471 905 4508 as
929 4457 1210 4522 compared
1230 4457 1365 4508 with
1543 4457 1566 4490 ⁴
1599 4457 1670 4507 W
1725 4463 1808 4509 ter
1829 4457 1992 4523 Gray,
2023 4459 2151 4510 1216
2173 4462 2232 4508 to
2258 4458 2400 4509 1265.

275 4524 373 4576 the
389 4527 609 4590 present
625 4536 778 4587 copy,
799 4521 894 4573 the
908 4521 1139 4574 Fur-nass
1153 4522 1366 4574 scr-ibe’s
1545 4521 1568 4555 ⁵
1599 4521 1730 4574 This
1773 4523 1820 4574 is
1861 4522 2088 4574 another
2141 4522 2369 4574 Gener-al
2411 4522 2552 4584 Bull,
