3075 5009
627 446 754 507 330
1279 459 1753 510 ΟΑΒΤΠΒΔΒῙΠΜ
1782 458 2243 509 RIBVALLENSR.

713 614 785 703 [f.
813 613 882 702 8]
913 616 1318 683 BIRKEDALB.
1391 617 1480 683 Et
1502 617 1584 682 de
1610 638 1701 681 xx
1720 638 1766 683 s.
1800 616 1880 683 de
1903 617 2088 682 firma
2108 616 2306 681 unius
2328 614 2561 684 domus
2588 638 2759 684 eum
2782 640 2929 705 gar·

626 703 799 782 dinc,
827 711 896 769 et
935 704 1137 769 trium
1179 725 1472 769 serarum
1515 705 1689 788 prati
1732 705 2208 770 continentium
2247 725 2366 789 per
2408 706 2931 771 aestimationem

626 811 718 854 xx
747 810 946 867 aeras,
975 840 990 857 .
1019 840 1038 857 .
1067 840 1082 857 .
1113 792 1186 857 in
1215 799 1447 857 tenura
1469 791 1753 857 Simonis
1782 790 2131 856 Alderston
2152 798 2308 872 etc.;
2336 797 2403 857 et
2421 792 2501 857 de
2530 793 2651 857 xiii
2676 814 2735 858 s.
2771 796 2849 857 iv
2870 794 2927 859 d.

626 877 708 942 de
736 878 924 943 firma
951 878 1148 943 unius
1189 879 1394 943 eleusi
1434 880 1623 962 prati,
1652 879 2047 945 continentis
2090 899 2207 963 per
2248 879 2765 945 aestimationem
2810 882 2931 945 xvi

627 984 806 1029 acras
834 972 973 1044 ete„
999 965 1071 1029 in
1102 972 1332 1031 tenura
1364 965 1764 1031 Christofferi
1796 966 2081 1049 Conyers
2126 972 2285 1045 ete.;
2325 972 2392 1031 et
2421 966 2503 1031 de
2530 967 2654 1031 xiii
2678 989 2737 1033 s.
2771 968 2850 1031 iv
2870 968 2928 1032 d.

628 1051 709 1116 de
737 1052 924 1117 firma
948 1074 997 1115 x
1025 1072 1317 1117 acrarum
1361 1053 1532 1135 prati
1560 1052 1973 1130 inclusarum,
2002 1060 2070 1117 et
2112 1054 2163 1116 ii
2207 1052 2673 1131 clausurarum,
2708 1075 2931 1139 nuper

625 1138 700 1201 in
749 1144 982 1204 tenura.
1029 1140 1300 1205 Roberti
1350 1139 1665 1223 Ryeclyff,
1700 1140 1794 1204 sic
1834 1140 1906 1204 in
1950 1146 2182 1205 tenura
2226 1139 2507 1203 Simonis
2550 1140 2929 1206 Alderston

626 1232 774 1305 οἵας
816 1233 884 1291 et
912 1226 994 1291 de
1022 1227 1146 1291 xiii
1165 1247 1213 1293 s.
1244 1227 1313 1291 iv
1337 1226 1395 1291 d.
1427 1227 1508 1291 de
1537 1226 1723 1291 firma
1750 1232 2072 1291 certorum
2102 1232 2429 1311 pratorum
2452 1234 2519 1291 et
2536 1228 2927 1293 clausorum

626 1312 699 1376 in
725 1318 958 1377 tenura.
985 1313 1244 1379 Thomae
1271 1314 1596 1378 Wharton
1626 1323 1783 1395 ete.;
1825 1321 1892 1378 et
1935 1312 2017 1377 de
2060 1335 2151 1377 xx
2166 1333 2215 1377 s.
2246 1312 2327 1378 de
2355 1313 2542 1378 firma
2583 1323 2926 1380 certorum

626 1405 956 1482 pratorum
999 1407 1067 1465 et
1105 1400 1468 1466 clausorum
1511 1402 1585 1464 in
1622 1408 1855 1465 tenura
1896 1400 2141 1465 Robert
2167 1399 2520 1465 Alderston
2549 1401 2677 1466 hoe
2726 1423 2927 1477 anm,

626 1493 747 1551 eto.
2362 1487 2629 1553 Summa.
2658 1489 2743 1553 iv
2764 1489 2837 1553 li.

713 1674 1042 1741 KEISDEN.
1129 1676 1218 1740 Et
1247 1676 1329 1743 de
1372 1676 1494 1739 xiii
1515 1696 1563 1739 s.
1609 1676 1678 1739 iv
1696 1675 1756 1740 d.
1797 1674 1879 1739 de
1908 1675 2095 1738 firma
2130 1680 2451 1739 certorum
2478 1683 2833 1760 pratorum
2862 1684 2927 1741 et

626 1760 990 1827 clausorum
1019 1763 1093 1826 in
1119 1768 1351 1828 tenura
1378 1763 1701 1827 Willelmi
1728 1761 2008 1827 Metcalf
2031 1768 2179 1841 ete.;
2221 1762 2357 1825 ancl
2382 1763 2639 1826 similar
2686 1766 2929 1827 ento-ies

627 1850 917 1933 touchinq
959 1850 1267 1915 Edmund
1309 1851 1573 1927 Milner,
1616 1850 1739 1913 xiii
1758 1870 1807 1913 s,
1854 1850 1923 1912 iv
1940 1848 2023 1926 d.,
2064 1848 2195 1912 and
2239 1848 2457 1933 Ralph
2502 1848 2780 1927 Milner,
2810 1850 2925 1915 the
3042 1798 3044 1877 A

625 1956 802 2002 same
829 1945 1116 2003 amount.
2382 1935 2651 2000 Summa
2680 1937 2769 2001 xl
2786 1958 2835 2002 s.
3043 1990 3044 2033 ¹

712 2132 1024 2199 Venditio
1052 2134 1246 2201 bosci.
1336 2136 1440 2201 De
1467 2136 1688 2220 aliquo
1716 2134 2006 2219 proficuo
2035 2141 2153 2199 eto.
2184 2154 2258 2198 as
2286 2134 2497 2217 before.

2326 2222 2593 2286 Summa
2620 2224 2835 2289 nulla.

711 2420 993 2485 Mineria
1020 2421 1290 2505 plumbi.
1379 2421 1483 2485 De
1511 2420 1731 2504 aliquo
1761 2420 2049 2504 proficuo
2079 2424 2197 2484 ete.
2283 2418 2351 2481 A
2384 2419 2508 2483 like
2534 2426 2741 2506 mry.

712 2608 1218 2692 Perquisitiones
1273 2609 1496 2675 Curiae.
1594 2610 1683 2674 Et
1740 2607 1821 2673 de
1867 2628 1912 2671 v
1925 2628 1972 2672 s.
2017 2607 2069 2671 ii
2085 2606 2165 2683 d.,
2209 2606 2288 2671 de
2336 2607 2918 2691 perquisitionibus

627 2694 970 2760 Guriamm
998 2696 1240 2762 ibidem
1272 2696 1393 2761 hoe
1433 2717 1605 2760 anno
1634 2702 1982 2771 tentarum,
2012 2701 2206 2778 prout
2233 2715 2349 2778 per
2380 2695 2652 2761 Rotulos
2680 2717 2917 2761 earun-

626 2782 774 2846 dem
820 2803 1013 2867 super
1041 2784 1216 2849 hune
1247 2793 1621 2867 compotum
1650 2782 2053 2847 examinatos
2098 2786 2166 2845 et
2193 2782 2495 2865 probatos
2539 2782 2809 2866 plenius
2852 2790 2915 2849 et
3043 2788 3044 2859 ἕ

625 2868 1101 2953 particulariter
1129 2878 1408 2955 apparet.
2203 2868 2470 2933 Summa
2497 2868 2596 2933 vii
2612 2890 2660 2933 s,
2692 2872 2751 2935 ii
2768 2872 2829 2935 d.
3043 2866 3044 2907 ἶ

716 2956 983 3021 Summa
1026 2957 1272 3022 Totalis
1303 2958 1620 3041 Receptae,
1665 2956 1855 3020 xlviii
1872 2956 1939 3021 li.
1984 2976 2076 3019 xv
2092 2975 2139 3021 s.
2184 2956 2254 3019 vi
2272 2955 2333 3021 d.
2422 2956 2482 3019 E
2517 2956 2764 3040 quibus
2796 2960 2911 3023 Re-
3042 2958 3044 3075 ⁴

625 3042 978 3109 solutiones
1037 3044 1425 3109 reddituum.
1532 3042 1795 3127 I[i]dem
1854 3049 2235 3126 computant
2290 3042 2361 3106 in
2420 3042 2685 3107 redditu
2746 3066 2913 3111 reso-

625 3129 767 3193 luto
809 3180 824 3194 .
874 3180 889 3194 .
932 3179 948 3196 .
994 3131 1262 3209 Flower,
1291 3132 1647 3215 Armigem,
1678 3139 1746 3195 et
1788 3130 2243 3214 copareinariis
2278 3130 2431 3206 suiS,
2461 3150 2577 3213 pro
2604 3133 2803 3197 terris
2844 3132 2911 3195 in
3043 3210 3044 3213 Ἴ

625 3216 961 3295 Swaldale,
1005 3218 1088 3283 ad
1131 3218 1273 3283 lxvi
1291 3239 1340 3286 s,
1384 3219 1502 3283 viii
1522 3220 1581 3283 d.
1631 3239 1745 3302 per
1794 3238 2059 3293 annum,
2088 3216 2229 3293 viz„
2272 3236 2389 3300 pro
2421 3216 2697 3283 dimidio
2742 3239 2910 3284 anno
3042 3214 3044 3241 ¹

624 3304 812 3369 finito
856 3305 939 3370 ad
969 3305 1207 3370 festum
1238 3307 1651 3371 Pentecostes
1694 3306 1865 3369 infra
1892 3311 2150 3389 tempus
2180 3304 2376 3387 hujus
2421 3308 2710 3389 compoti
2750 3306 2911 3371 soei-

625 3390 805 3469 dens,
833 3392 1046 3457 xxxiii
1063 3413 1110 3457 s.
1142 3392 1214 3457 iv
1230 3392 1292 3457 d.
2065 3391 2335 3456 Summa
2362 3392 2578 3455 xxxiii
2594 3412 2641 3457 s.
2676 3394 2749 3457 iv
2764 3394 2827 3459 d.

712 3577 928 3643 Feoda
951 3578 1506 3662 computantium,
1527 3598 1677 3643 eum
1700 3576 2002 3661 expensis
2033 3576 2425 3642 necessariis.
2499 3576 2590 3643 Et
2604 3578 2679 3642 in
2710 3578 2907 3643 feodis

625 3664 958 3748 Radulphi
999 3665 1342 3742 Alderson,
1385 3666 1432 3731 J
1433 3665 1711 3731 ohannis
1754 3664 2078 3729 Alderson
2122 3670 2191 3729 et
2224 3662 2530 3729 Nieholsi
2570 3664 2906 3738 Aldersou,

627 3751 1029 3817 Ballivorum
1072 3753 1210 3817 sive
1242 3752 1677 3819 Collectorum
1706 3751 2079 3816 reddituum
2109 3757 2177 3815 et
2204 3750 2536 3815 firmarum
2582 3752 2904 3836 supradie-

623 3844 840 3903 tarum
899 3839 972 3903 in
1023 3839 1344 3905 Swaldale
1393 3840 1721 3924 praediet0‚
1764 3860 1841 3903 ae
1893 3836 2255 3903 Custodum
2306 3842 2375 3902 et
2417 3839 2905 3922 Super-visorum

628 3926 962 3991 boseorum
1018 3934 1086 3991 et
1135 3927 1553 3991 mineriorum
1603 3926 1860 4010 plumbi
1908 3925 2152 3989 ibidem
2202 3924 2275 3989 in
2332 3924 2558 4001 feodis,
2606 3925 2681 3990 xl
2698 3947 2745 3991 s.
2796 3944 2905 4009 per

627 4033 873 4077 annum
896 4014 991 4079 eis
1013 4015 1332 4079 eoneessis
1363 4014 1448 4079 ad
1474 4014 1831 4079 terminum
1851 4012 2008 4077 vitae
2038 4032 2277 4089 eorum,
2301 4021 2370 4076 et
2398 4032 2623 4077 eorum
2642 4012 2903 4078 alterius

626 4099 876 4165 diutius
921 4101 1223 4178 viventis,
1267 4109 1460 4185 prout
1511 4121 1629 4187 per
1679 4100 2094 4165 indenturam
2144 4099 2268 4164 sub
2318 4098 2532 4184 sigillo
2582 4097 2901 4165 communi

623 4208 834 4272 nuper
877 4187 1264 4253 Monasterii
1310 4188 1530 4253 datam
1562 4188 1749 4253 xxvii
1790 4187 1897 4253 die
1941 4187 1988 4252 J
1989 4186 2151 4262 unii,
2194 4206 2368 4251 anno
2402 4186 2599 4273 Regis
2638 4183 2901 4252 Hem-ici

623 4290 766 4341 vm.
789 4284 1021 4351 mmo,
1050 4276 1308 4360 plenius
1337 4282 1623 4359 apparet,
1652 4274 1978 4339 solvendis
2006 4274 2091 4337 ad
2130 4272 2303 4339 festa
2331 4273 2745 4340 Pentecostes
2772 4280 2901 4347 eto„

623 4362 767 4439 viz„
787 4382 906 4447 pro
938 4362 1206 4427 dimidio
1234 4383 1405 4426 anno
1427 4364 1615 4428 finito
1644 4364 1727 4427 ad
1756 4361 2007 4427 dictum
2036 4360 2279 4425 festum
2300 4359 2713 4427 Pentecostes
2738 4360 2899 4425 infra

624 4456 884 4533 tempus
927 4449 1125 4534 hujus
1155 4450 1438 4534 compoti
1481 4450 1797 4527 accidens,
1826 4470 1917 4512 xx
1932 4468 1981 4513 s.
2070 4446 2160 4512 Et
2187 4448 2261 4511 in
2302 4446 2647 4532 stipendi-is
2678 4444 2899 4514 Clerici
