3075 5009
568 460 690 520 392
1219 472 1694 523 cAn‘rutuuuu
1722 474 2182 523 RIEVALLENSE..

613 630 744 691 -63,
807 628 1058 772 [Coram
1099 629 1282 711 Rege.
1369 629 1561 691 Henr.
1615 646 1707 691 111.
1760 630 1877 693 No,
1924 634 2021 706 55,
2060 651 2145 693 m.
2196 635 2286 693 ll.
2373 632 2451 693 In
2492 632 2748 695 Octabis
2788 634 2855 697 S.

564 708 806 773 Michae
831 713 900 787 is,
947 714 1026 774 26
1059 712 1244 772 Henr.
1291 726 1384 772 111.
1433 710 1622 794 [1242
1654 710 1699 793 .]
1782 712 2302 775 Ebor.—Hawisa
2343 733 2477 792 quae
2517 716 2644 776 fuit
2692 736 2857 777 uxor

571 788 860 854 willelmi
927 793 1006 854 de
1063 793 1356 872 Kaytona
1419 794 1582 871 petit
1663 793 1899 877 versus]
1953 793 2263 855 Abbatem
2316 795 2395 856 de
2450 796 2857 875 Rycvallibus

563 875 811 935 tertiam
839 886 1074 953 partem
1103 895 1212 935 sex
1239 874 1602 935 bovatamm
1640 882 1705 935 et
1722 874 1789 935 xi
1830 896 2105 936 acrarum
2146 885 2339 951 terrae,
2371 878 2641 958 quinque
2668 880 2859 941 croft-

561 974 754 1030 0rum‚
813 957 994 1017 unius
1032 955 1342 1035 mesuagii
1380 954 1645 1016 duarum
1686 975 1963 1018 acrarum
2002 958 2181 1037 prati,
2224 966 2293 1019 et
2331 960 2578 1019 tertiam
2610 969 2857 1039 partem

562 1036 823 1097 duarum
867 1037 1132 1117 partium
1171 1036 1355 1097 unius
1402 1036 1739 1098 molendini
1784 1080 1799 1098 .
1863 1084 1880 1102 .
1945 1084 1961 1100 .
2028 1040 2095 1099 in
2136 1038 2449 1119 Kaytona,
2496 1049 2561 1101 et
2602 1042 2855 1102 tertiam

639 1129 798 1179 rtem
853 1119 1140 1179 undecim
1195 1117 1530 1178 solidorum
1586 1118 1863 1180 redditus
1920 1160 1937 1183 .
2006 1164 2021 1180 .
2084 1164 2099 1180 .
2162 1120 2229 1180 in
2279 1120 2717 1197 Ledbrestong
2776 1131 2857 1184 ut

559 1138 770 1261 ggtem
798 1220 993 1273 suum,
1024 1210 1133 1261 etc.
1223 1199 1306 1260 Et
1332 1198 1561 1273 Abbas,
1591 1219 1700 1279 per
1738 1207 2118 1261 attornatum
2144 1221 2343 1277 suum,
2374 1202 2547 1263 venit
2582 1213 2649 1263 et
2692 1206 2857 1284 petit

559 1280 694 1421 En]
725 1280 866 1341 inde
892 1283 1094 1342 visum
1120 1280 1360 1341 habeat.
1445 1280 1595 1341 Dies
1633 1279 1817 1342 datus
1844 1289 1941 1342 est
1966 1281 2055 1343 eis
2091 1302 2130 1343 a
2160 1281 2261 1344 die
2289 1282 2349 1344 S.
2383 1282 2631 1344 Hillarii
2670 1286 2741 1345 in
2782 1286 2853 1345 xi

607 1360 710 1425 ’es.
820 1362 904 1423 Et
957 1363 1205 1423 interim
1259 1368 1371 1423 etc.
1485 1361 1719 1422 Eadem
1776 1362 2024 1423 Hawisa
2092 1365 2252 1444 petit
2303 1384 2515 1425 versus
2584 1366 2852 1427 eundem

561 1442 866 1505 Abbatem
891 1453 1128 1524 septem
1153 1462 1322 1503 acras
1357 1451 1536 1504 terrae
1576 1488 1593 1505 .
1644 1488 1659 1505 .
1701 1490 1716 1508 .
1754 1444 1820 1504 in
1850 1444 2109 1520 Collum,
2140 1454 2215 1506 ut
2238 1446 2339 1525 jus
2367 1453 2431 1507 et
2456 1448 2853 1526 maritagium

559 1543 753 1688 suune,
791 1544 900 1603 per
929 1525 1111 1689 ἱπῗνθ
1138 1524 1216 1585 de
1243 1524 1536 1603 ingressu,
1564 1531 1681 1586 etc.
1764 1525 1849 1585 Et
1874 1524 2084 1587 Abbas
2110 1546 2222 1606 per
2245 1535 2629 1589 attornatum
2646 1548 2849 1603 suum,

560 1612 672 1666 etc.
732 1626 800 1666 as
825 1606 1002 1684 before
1031 1653 1044 1668 .

641 1781 740 1841 64.
785 1778 964 1863 [Feet
1003 1780 1068 1841 of
1107 1780 1310 1843 Fines.
1399 1782 1582 1842 25-30
1628 1778 1815 1842 Henr.
1855 1795 1951 1842 111.
1999 1780 2235 1865 [1243],
2278 1782 2393 1843 No.
2442 1782 2615 1866 412.]
2698 1782 2853 1845 Haec

559 1868 655 1922 est
695 1906 710 1921 .
756 1906 769 1923 .
818 1908 831 1922 .
878 1860 1042 1940 apud
1098 1862 1373 1937 Westm.,
1420 1882 1457 1923 a
1509 1861 1610 1923 die
1664 1861 1913 1923 Paschae
1966 1863 2033 1923 in
2088 1884 2281 1925 unum
2335 1884 2625 1939 mensem,
2684 1866 2775 1926 ΑΡ
2798 1886 2847 1927 r.

559 1942 746 2021 Regis
789 1940 978 2005 Henr.
1011 1957 1104 2004 111.
1141 1944 1427 2005 vicesimo
1467 1944 1744 2022 septimo,
1778 1944 1999 2005 Coram
2037 1944 2309 2006 Roberto
2354 1944 2430 2007 de
2475 1945 2845 2022 Lexintona,

557 2023 800 2104 Rogero
828 2022 905 2084 de
933 2023 1306 2103 Thurkelby,
1335 2024 1379 2085 J
1381 2025 1585 2086 ollano
1614 2024 1690 2085 de
1732 2024 1792 2086 N
1794 2025 1973 2086 eville
2002 2034 2066 2087 et
2094 2026 2373 2087 Gilberto
2406 2026 2482 2087 de
2526 2027 2847 2101 Prestona,

557 2104 926 2165 Justiciariis
975 2150 990 2165 .
1046 2152 1060 2167 .
1115 2153 1128 2167 .
1180 2106 1352 2167 Inter
1407 2106 1759 2181 Hawisiam,
1818 2126 1955 2185 quse
2010 2106 2131 2169 fuit
2198 2127 2355 2167 uxor
2406 2106 2707 2170 Willelmi
2771 2110 2849 2171 de

559 2186 868 2264 Kaytona,
901 2194 1228 2266 petentem,
1261 2196 1326 2249 et
1365 2187 1583 2263 Adam,
1617 2188 1923 2249 Abbatem
1964 2188 2042 2249 de
2084 2188 2341 2265 Rivalle‚
2372 2197 2704 2265 tenentem,
2738 2212 2847 2271 per

559 2266 960 2328 Laurentium
987 2267 1064 2330 de
1093 2268 1355 2342 Semere,
1389 2270 1657 2348 positum
1686 2316 1699 2329 .
1733 2318 1747 2331 .
1780 2314 1793 2329 .
1826 2269 1905 2330 de
1932 2270 2119 2331 tertia
2144 2282 2317 2349 parte
2346 2290 2455 2331 sex
2483 2272 2845 2333 bovatarum

557 2357 623 2409 et
649 2348 718 2409 xi
745 2369 1019 2410 acrarum
1046 2359 1242 2425 terrae,
1266 2371 1305 2410 v
1331 2351 1633 2411 toftorum
1661 2359 1725 2411 et
1753 2369 1792 2410 v
1820 2350 2171 2423 croftorum,
2197 2353 2218 2412 i
2244 2372 2415 2412 mesu
2499 2352 2556 2426 ·i‚
2580 2352 2845 2415 duarum

557 2450 830 2491 acrarum
858 2432 1040 2511 prati,
1071 2441 1136 2493 et
1161 2432 1420 2493 duarum
1449 2432 1717 2511 partium
1746 2432 1765 2491 i
1794 2431 2130 2493 molendini
2171 2478 2186 2491 .
2228 2480 2243 2494 .
2293 2479 2306 2495 .
2352 2434 2417 2493 in
2514 2443 2761 2512 aytona,
2784 2445 2847 2497 et

556 2511 634 2573 de
662 2513 850 2573 tertia
877 2521 1050 2591 parte
1075 2512 1358 2575 undecim
1385 2512 1781 2573 solidatamm
1821 2512 2100 2574 redditus
2140 2560 2157 2575 .
2202 2560 2216 2573 .
2265 2559 2280 2576 .
2323 2514 2390 2574 in
2418 2514 2841 2591 Ledbristona,

557 2612 710 2672 quas
764 2594 980 2654 tertias
1036 2602 1240 2673 partes
1294 2592 1507 2655 eadem
1552 2594 1826 2654 Hawisia
1878 2594 2181 2655 clamabat
2232 2614 2363 2657 esse
2416 2597 2845 2659 rationabilem

557 2674 766 2736 dotem
793 2695 981 2749 suam,
1013 2695 1149 2755 quae
1190 2695 1325 2736 eam
1365 2675 1758 2754 contingebat
1797 2674 1875 2736 de
1914 2674 2109 2737 libero
2136 2684 2489 2738 tenemento
2528 2677 2697 2758 quod
2724 2680 2847 2739 fuit

555 2754 1183 2899 meissen
1221 2756 1538 2917 sm
1580 2756 2846 2917 xzrfflfflsfflzsffieffi

1175 2884 1190 2912 2
1533 2884 1549 2911 ²
2356 2886 2372 2913 9

559 2917 645 2979 vii
685 2919 840 2979 acris
881 2929 1060 2981 terrae
1105 2966 1118 2979 .
1162 2965 1177 2979 .
1223 2967 1238 2981 .
1283 2920 1351 2979 in
1393 2918 1651 2991 Collum,
1698 2927 1762 2980 et
1801 2917 1963 2980 unde
2004 2920 2296 3000 placitum
2331 2921 2455 2981 fuit
2494 2968 2509 2983 .
2554 2970 2572 2985 .
2624 2970 2643 2983 .
2696 2922 2843 2997 scil.‚

555 2998 721 3078 quod
771 3000 1060 3079 praedicta
1106 2999 1377 3061 Hawisia
1418 3000 1655 3062 remisit
1702 3008 1767 3061 et
1813 3000 2090 3079 quietum
2136 3001 2424 3063 clamavit
2466 3002 2545 3064 de
2592 3022 2660 3065 se
2702 3049 2719 3067 .
2764 3051 2783 3067 .
2826 3054 2841 3065 .

558 3079 756 3141 eidem
786 3080 1014 3145 Abbati
1053 3128 1068 3143 .
1116 3126 1132 3143 .
1176 3126 1193 3144 .
1239 3089 1441 3143 totum
1468 3083 1570 3161 jus
1598 3090 1662 3141 et
1688 3081 1970 3142 clamium
1999 3082 2165 3161 quod
2192 3083 2409 3145 habuit
2442 3082 2510 3143 in
2537 3084 2847 3164 praedictis

560 3160 644 3221 vii
671 3161 824 3222 acris
849 3163 916 3223 in
945 3162 1203 3238 Collum,
1233 3163 1697 3243 imperpetuum.
1785 3161 2048 3224 Remisit
2087 3164 2271 3225 etiam
2314 3164 2524 3225 eadem
2572 3166 2846 3228 Hawisia

559 3241 638 3303 de
665 3262 730 3302 se
759 3242 1046 3322 praedicto
1074 3243 1306 3305 Abbati
1347 3291 1361 3305 .
1410 3290 1425 3305 .
1472 3290 1487 3305 .
1531 3252 1733 3305 totum
1774 3244 1875 3322 jus
1916 3253 1981 3305 et
2011 3244 2294 3305 clamium
2323 3245 2483 3325 quod
2516 3246 2741 3309 habuit
2780 3249 2845 3309 in

559 3323 839 3384 omnibus
869 3324 1170 3404 praedictis
1196 3326 1396 3387 tertiis
1427 3326 1704 3404 partibus
1745 3371 1760 3386 .
1806 3373 1821 3387 .
1866 3370 1881 3385 .
1927 3325 2011 3386 Et
2037 3346 2147 3406 pro
2169 3326 2281 3387 hac
2308 3328 2683 3401 remissione,
2708 3336 2842 3404 etc„

557 3404 722 3467 idem
749 3405 959 3467 Abbas
1008 3408 1301 3468 concessit
1345 3426 1455 3486 pro
1501 3427 1571 3468 se
1617 3414 1682 3467 et
1729 3407 2171 3469 successoribus
2218 3408 2345 3468 suis
2388 3409 2556 3487 quod
2604 3410 2728 3488 ipsi
2765 3411 2845 3472 de

558 3494 776 3548 caetcro
803 3487 1064 3549 reddent
1098 3488 1353 3568 singulis
1395 3488 1571 3549 annis
1611 3487 1811 3549 eidem
1840 3488 2123 3549 Hawisiae
2164 3509 2297 3549 xxx
2336 3490 2561 3551 solidos
2602 3492 2845 3572 argenti

559 3568 989 3649 sterlingorum
1033 3576 1167 3630 tota
1212 3571 1343 3630 vita
1389 3570 1583 3649 ipsius
1632 3568 1933 3645 Hawisiae,
1984 3570 2062 3630 ad
2118 3568 2272 3631 duos
2320 3572 2635 3645 terminos,
2678 3572 2845 3653 apud

558 3648 912 3728 Kaytonam
941 3687 1022 3697 —
1051 3651 1197 3727 scih,
1255 3650 1647 3712 medietatem
1704 3657 1815 3711 etc.
1929 3650 2013 3711 Et
2073 3660 2214 3730 post
2280 3651 2595 3713 decessum
2650 3654 2845 3733 ipsius

559 3729 844 3791 Hawisiae
886 3732 1048 3793 idem
1075 3732 1285 3794 Abbas
1327 3740 1390 3793 et
1425 3751 1796 3793 successores
1824 3730 1917 3792 sui
1958 3740 2143 3793 erunt
2180 3733 2375 3812 quieti
2417 3734 2496 3795 de
2536 3734 2845 3799 solutione

559 3811 990 3890 praedictorum
1016 3813 1402 3875 denariorum
1430 3814 1893 3893 imperpetuum.

640 3988 736 4048 65.
784 3985 1006 4069 [Pedes
1046 3987 1310 4049 Finium.
1393 3988 1576 4049 Ebor.
1664 3990 1846 4049 25-30
1888 3986 2076 4049 Henr.
2110 4004 2203 4049 111.
2250 3990 2488 4069 [1243],
2522 3989 2639 4052 No.
2674 3990 2843 4075 409]

559 4066 708 4129 Hoec
763 4076 858 4129 est
911 4116 926 4131 .
986 4114 1001 4132 .
1061 4116 1075 4131 .
1137 4070 1300 4149 apud
1344 4069 1621 4145 Westm.,
1666 4070 1731 4129 in
1785 4070 2039 4130 octabus
2080 4068 2141 4130 S.
2186 4069 2520 4145 Michaelis,
2562 4072 2651 4133 A⁰
2675 4092 2725 4133 r.
2767 4073 2839 4134 R.

558 4148 747 4209 Henr.
782 4165 878 4211 111.
909 4149 1194 4212 vicesimo
1237 4152 1513 4231 septimn,
1546 4150 1767 4212 Coram
1810 4148 1901 4233 [as
1938 4151 2004 4210 in
2044 4149 2105 4211 N
2108 4171 2157 4211 0.
2209 4150 2331 4235 64].
2418 4151 2591 4213 Inter
2620 4152 2837 4229 Adam,

558 4230 864 4293 Abbatem
915 4231 992 4293 de
1037 4232 1330 4305 Biavana,
1377 4240 1750 4312 querentem,
1796 4250 1905 4310 per
1945 4230 1989 4292 J
1992 4231 2293 4293 ohannem
2336 4232 2413 4293 de
2460 4233 2840 4315 Stayngrave

557 4312 824 4393 positum
867 4359 882 4375 .
928 4360 942 4375 .
987 4360 1002 4377 .
1063 4322 1128 4374 et
1183 4313 1562 4375 Willelmum
1618 4312 1675 4374 le
1732 4312 1997 4391 Oyselur
2051 4322 2115 4374 et
2170 4313 2520 4389 Albi-edam,
2584 4335 2838 4378 uxorem

556 4393 707 4472 eius,
738 4395 1158 4473 impedientes,
1190 4395 1268 4457 de
1296 4397 1320 4455 i
1346 4396 1573 4457 bovata
1613 4403 1677 4455 et
1704 4396 1856 4455 xxvi
1883 4396 2037 4455 acris
2064 4402 2242 4455 terrae
2271 4403 2335 4455 et
2365 4396 2619 4457 dimidio
2648 4399 2839 4459 orosto

555 4482 619 4536 et
645 4474 901 4538 dimidio
929 4477 1134 4539 thofto
1178 4522 1192 4537 .
1238 4522 1254 4538 .
1300 4524 1315 4540 .
1359 4478 1424 4538 in
1449 4474 1999 4552 West-Newetona,
2029 4475 2195 4537 unde
2220 4476 2513 4556 placitum
2534 4479 2841 4540 warantiae
