3075 5009
907 509 1385 560 GARTULARIUM
1414 509 1882 560 ROEVALLENSE.
2415 497 2539 557 283

260 667 479 732 holmo
507 667 589 732 ad
620 667 1273 752 Hengendebriggam
1316 668 1391 731 in
1434 668 1740 734 Scaltona
1776 669 1950 734 inter
1978 667 2432 734 Aldenetoftes
2477 675 2544 732 et

260 775 429 839 aqua
458 755 540 819 de
584 756 727 831 Ria,
772 775 923 818 cum
966 755 1426 838 pertinenciis:
1471 756 1910 820 Donationem
1951 757 2150 822 etiam
2195 803 2212 819 .
2257 803 2272 820 .
2317 805 2332 818 .
2381 775 2542 838 quas

259 843 438 906 idem
488 843 807 906 Ricardus
850 891 865 908 .
913 892 929 907 .
974 891 991 906 .
1038 843 1195 907 fecit
1236 843 1381 907 Deo
1424 891 1441 908 .
1488 892 1503 908 .
1549 891 1566 906 .
1612 843 1693 908 de
1737 850 1877 907 toto
1921 843 2112 908 bosco
2153 843 2227 906 in
2281 841 2541 906 0111155-

260 949 497 994 ovenes
528 950 677 994 cum
706 935 881 994 terra
910 930 981 994 in
1013 929 1313 994 Scaltona
1343 951 1459 1015 per
1486 935 1692 994 certas
1723 930 1965 994 divisas
1995 930 2067 994 in
2098 929 2324 994 eadem
2364 937 2542 994 carta

262 1021 637 1082 contentas:
702 1015 1139 1080 Donationem
1200 1018 1489 1101 insuper,
1555 1037 1756 1101 quam
1812 1018 1989 1082 idem
2035 1016 2354 1080 Ricardus
2397 1066 2414 1080 .
2461 1065 2478 1080 .
2523 1066 2538 1081 .

262 1104 419 1168 fecit
476 1103 619 1168 Deo
664 1151 681 1168 .
726 1152 741 1168 .
786 1153 801 1166 .
849 1103 929 1167 de
974 1153 989 1168 .
1036 1153 1051 1168 .
1098 1153 1113 1166 .
1161 1103 1568 1182 Steintonne,
1627 1124 1779 1168 cum
1837 1104 2274 1188 pertinenciis,
2333 1110 2401 1166 et
2459 1103 2542 1167 de

262 1190 519 1255 cultura
546 1191 620 1254 in
652 1189 959 1254 Scaltune
987 1211 1133 1275 quae
1154 1198 1422 1255 vocatur
1445 1189 1969 1275 Oswaldhenges,
1993 1197 2060 1254 et
2089 1191 2170 1254 de
2199 1189 2540 1273 particulis

261 1286 447 1342 terrae
478 1277 561 1342 ab
591 1277 713 1341 hac
757 1277 1011 1341 cultura
1054 1297 1217 1361 quas
1261 1276 1523 1354 habent,
1566 1297 1714 1361 quse
1758 1280 2092 1362 pertinent
2135 1277 2218 1341 ad
2261 1277 2542 1341 eundem

264 1365 551 1440 feudum,
580 1384 788 1447 usque
828 1365 911 1429 ad
958 1364 1311 1442 Oxendale,
1354 1371 1421 1428 et
1466 1365 1548 1428 de
1591 1370 1859 1448 pastura
1901 1364 1988 1429 ad
2038 1385 2154 1428 sex
2197 1365 2542 1428 karucatas

262 1453 459 1516 boum
488 1451 557 1514 in
590 1471 852 1516 nemore
888 1451 1097 1534 ipsius
1126 1451 1409 1528 Ricardi,
1440 1451 1523 1515 de
1555 1450 1880 1530 Scaltune,
1900 1473 2052 1516 cum
2083 1450 2540 1535 pertinenciis:

261 1538 700 1603 Donationem
750 1540 949 1602 etiam
994 1586 1009 1602 .
1055 1588 1069 1604 .
1117 1588 1133 1602 .
1192 1558 1354 1622 quas
1406 1539 1626 1603 Adam
1673 1539 1846 1602 filius
1899 1539 2081 1603 Petri
2131 1537 2214 1603 de
2265 1537 2541 1602 Birkina

258 1677 273 1690 .
320 1675 337 1690 .
384 1673 400 1690 .
446 1625 605 1690 fecit
632 1625 776 1689 Deo
819 1673 839 1694 .
888 1673 903 1689 .
950 1674 965 1690 .
1009 1624 1091 1690 de
1120 1632 1260 1690 tota
1288 1625 1449 1689 villa
1476 1625 1560 1690 de
1604 1625 2026 1704 Hatheltona,
2058 1645 2208 1689 cum
2238 1625 2542 1690 omnibus

258 1712 672 1777 libertatibus
730 1719 798 1776 et
854 1712 1275 1796 pertinenciis
1336 1713 1489 1790 suis,
1550 1720 1823 1796 excepta
1879 1733 2013 1776 una
2070 1713 2309 1776 bovata
2355 1717 2542 1776 terrae

259 1820 454 1884 quam
497 1800 679 1883 prius
721 1798 989 1864 dederat
1034 1799 1378 1864 Canonicis
1423 1799 1503 1864 de
1551 1798 1932 1876 Boheltona,
1975 1806 2043 1864 et
2085 1799 2166 1864 de
2211 1799 2542 1864 communi

258 1893 525 1970 pastura
553 1887 635 1950 de
665 1885 976 1950 Hardena
1004 1886 1248 1971 ubique
1276 1887 1566 1970 plenarie
1597 1893 1663 1952 et
1689 1887 1891 1952 libere
1937 1887 2020 1951 ad
2049 1907 2279 1970 pecora
2309 1906 2428 1950 sua
2457 1885 2540 1950 de

257 1974 567 2058 praedicta
596 1972 1019 2050 Hatheltona,
1050 1980 1321 2056 excepto
1364 1974 1728 2058 pannagio:
1793 1974 2234 2039 Donationem
2277 1974 2542 2056 insuper

381 2081 605 2144 ‚quas
634 2060 955 2125 Robertus
976 2060 1059 2124 de
1080 2060 1459 2144 Meynille.
1508 2112 1523 2127 .
1635 2061 1792 2126 fecit
1819 2061 2022 2126 De0.
2071 2061 2274 2126 ..de
2305 2080 2541 2124 novem

259 2149 511 2212 bovatis
528 2151 733 2223 terrae,
741 2167 891 2212 cum
908 2147 1346 2231 pertinenciis,
1362 2149 1434 2212 in
1443 2110 1613 2212 villa
1631 2149 1712 2212 de
1735 2148 2214 2233 Kulingwrthe,
2225 2153 2292 2212 et
2307 2146 2542 2212 medie-

260 2243 397 2299 tate
414 2232 772 2298 molendini
795 2235 1087 2317 ejusdem
1116 2235 1313 2312 villae,
1336 2256 1489 2302 cum
1515 2236 1957 2320 pertinenciis,
1975 2242 2044 2299 et
2061 2235 2142 2299 de
2163 2234 2538 2299 hominibus

258 2321 395 2386 suis
424 2321 507 2386 de
550 2321 777 2387 eadem
821 2321 997 2398 villa,
1042 2343 1193 2386 cum
1236 2321 1501 2422 sequela
1546 2329 1614 2387 et
1657 2322 1912 2387 catallis
1957 2323 2133 2386 suis:
2176 2322 2541 2385 Donation-

258 2430 363 2474 em
394 2410 610 2485 etiam,
640 2409 1119 2474 concessionem
1148 2415 1215 2474 et
1246 2410 1535 2493 quietam
1569 2410 1994 2474 clamanciam
2024 2429 2190 2492 quas
2219 2407 2538 2472 Ricardus

258 2495 433 2560 filius
458 2495 791 2580 Ranulphi
813 2495 895 2562 de
926 2495 1245 2579 Kithelay
1277 2546 1291 2561 .
1323 2547 1338 2560 .
1372 2547 1387 2560 .
1419 2497 1577 2562 fecit
1599 2497 1762 2574 De0,
1785 2547 1800 2560 .
1833 2548 1848 2561 .
1881 2546 1896 2561 .
1921 2496 2002 2560 de
2025 2515 2370 2560 communa
2391 2514 2536 2578 pas-

260 2592 423 2660 tura,
452 2603 603 2647 cum
632 2583 1072 2667 pertinenciiS,
1102 2584 1175 2646 in
1203 2583 1519 2667 Kithelay
1550 2583 1634 2648 ad
1664 2583 2036 2647 omnimoda
2064 2581 2374 2647 animalia
2402 2601 2538 2657 sua,

258 2669 470 2746 videl„
488 2690 530 2733 a
550 2670 962 2734 Kitheburna
984 2691 1193 2754 usque
1214 2670 1298 2734 ad
1322 2671 1565 2736 divisas
1589 2670 1670 2736 de
1693 2670 1998 2746 Haltona,
2020 2669 2090 2732 in
2111 2669 2538 2753 longitudine,

254 2763 323 2820 et
365 2756 717 2822 latitudine
758 2757 843 2821 de
878 2757 1291 2840 Stayniforde
1334 2778 1544 2841 usque
1589 2757 1672 2822 ad
1702 2758 1944 2822 divisas
1975 2757 2056 2821 de
2085 2755 2536 2838 Marchelaye:

254 2845 696 2909 Donationem
738 2844 1005 2926 insuper
1046 2892 1061 2908 .
1108 2893 1125 2910 .
1171 2891 1189 2908 .
1236 2852 1304 2908 et
1332 2845 1623 2928 quietam
1653 2842 2076 2908 clamanciam
2106 2863 2267 2929 quas
2293 2843 2538 2926 Agnes,

254 2931 573 2996 Priorissa
600 2930 683 2995 de
716 2931 989 3008 Essolte,
1018 2935 1087 2996 et
1128 2931 1419 3014 ejusdem
1464 2931 1596 2996 loci
1639 2931 2014 2996 Conventus
2060 2981 2076 2996 .
2119 2979 2136 2996 .
2179 2979 2196 2994 .
2241 2932 2540 2994 fecerunt

254 3020 455 3083 Deo.
565 3017 707 3082 .de
736 3019 945 3082 tribus
990 3018 1244 3082 bovatis
1288 3025 1477 3083 terrae
1506 3019 1580 3082 in
1625 3017 2129 3104 Culingworthe‚
2159 3037 2308 3082 cum
2353 3017 2538 3081 tostis

250 3114 322 3171 et
352 3105 594 3181 croftis,
638 3111 707 3170 et
748 3125 898 3170 cum
941 3105 1243 3170 omnibus
1286 3105 1783 3189 pertinenciis„
1831 3157 1846 3170 .
1897 3111 2028 3170 ,et
2070 3105 2151 3170 de
2180 3111 2322 3167 tota
2364 3124 2538 3168 com-

250 3213 475 3270 muna,
504 3213 654 3256 cum
682 3191 1119 3276 pertinenciis,
1142 3213 1340 3276 quam
1366 3192 1778 3258 habuerunt'
1758 3213 1830 3256 m
1852 3192 2046 3258 bosco
2075 3191 2156 3256 de
2178 3189 2540 3267 Haredene‚

254 3289 395 3344 tam
444 3281 517 3344 in
565 3279 820 3362 erbagio
873 3299 1071 3363 quam
1120 3279 1194 3342 in
1246 3279 1574 3356 mairemo,
1619 3286 1688 3344 et
1739 3280 1820 3344 de
1867 3286 2006 3344 toto
2051 3279 2202 3362 jure
2246 3279 2420 3362 quod
2464 3277 2538 3341 in

252 3365 483 3432 eodem
497 3367 691 3430 bosco
711 3367 1117 3430 habuerunt·
1158 3365 1598 3432 Donationem
1623 3367 1884 3444 etiam„
1966 3385 2174 3450 ,quas
2197 3366 2242 3430 J
2245 3365 2536 3430 ohannes

252 3454 339 3518 de
389 3452 710 3518 Casteleia
752 3501 769 3517 .
819 3501 835 3518 .
882 3501 897 3517 .
944 3452 1103 3518 fecit
1162 3453 1234 3518 B.
1296 3453 1529 3518 Mariae
1589 3462 1656 3518 et
1713 3454 2048 3518 monachis
2087 3453 2416 3537 praedictis
2455 3451 2538 3516 de

252 3547 395 3604 tota
414 3545 589 3604 terra
605 3560 751 3624 quae
772 3539 902 3604 fuit
922 3539 1117 3604 Fabri
1136 3559 1331 3623 super
1346 3540 1580 3605 coUem
1601 3541 1760 3625 qui1
1789 3548 2059 3606 vocatur
2089 3537 2538 3623 Gippingclive

251 3629 329 3692 in
384 3626 777 3706 Hadeltona,
836 3647 989 3690 cum
1048 3627 1507 3710 pertinenciis:
1567 3628 2008 3692 Donationem
2065 3628 2348 3710 insuper,
2393 3674 2408 3690 .
2455 3675 2472 3690 .
2521 3676 2536 3689 .

252 3734 419 3798 quas
446 3713 824 3778 Willelmus
852 3713 1027 3778 filius
1056 3713 1378 3779 Wfflelmi
1400 3714 1482 3779 de
1512 3714 1864 3798 Cantilupo
1895 3715 2051 3780 fecit
2080 3715 2224 3778 Deo
2268 3761 2284 3778 .
2329 3764 2346 3778 .
2393 3761 2410 3776 .
2456 3712 2538 3778 de

254 3801 561 3866 omnibus
590 3801 780 3865 terris
823 3809 893 3865 et
942 3802 1209 3877 tenuriS,
1256 3822 1405 3866 cum
1458 3803 1898 3885 pertinenciis,
1949 3821 2114 3886 quas
2164 3800 2409 3866 habent
2455 3799 2536 3864 de

252 3887 443 3954 feodo
472 3907 589 3952 suo
612 3889 695 3953 de
717 3886 1065 3972 Bingeleia,
1088 3893 1154 3953 et
1170 3888 1253 3952 de
1268 3887 1529 3954 redditu
1550 3888 1774 3954 decem
1795 3889 2150 3953 solidorum
2173 3895 2240 3952 et
2261 3889 2538 3952 duorum

254 3975 685 4052 denariorum,
713 3994 877 4059 quos
924 3975 1097 4039 idem
1139 3974 1517 4040 willelmus
1548 3976 1888 4040 annuatim
1931 3977 2262 4060 percipere
2289 3974 2541 4040 solebat

254 4063 337 4127 de
366 4061 557 4126 terris
578 4061 1105 4145 praenominatis:
1150 4062 1588 4127 Donationem
1609 4063 1828 4142 etiam,
1858 4114 1872 4129 .
1904 4111 1918 4126 .
1953 4112 1968 4128 .
1999 4084 2161 4147 quas
2184 4063 2229 4127 J
2235 4063 2540 4138 ohannes,

256 4149 459 4226 Prior,
488 4155 557 4214 et
588 4149 965 4214 Conventus
1016 4149 1323 4214 Ecclesiae
1375 4150 1449 4212 B.
1481 4150 1712 4214 Mariae
1760 4151 1841 4215 de
1893 4150 2218 4216 Boeltuna
2246 4150 2542 4214 fecerunt

253 4237 341 4300 de
368 4242 509 4300 tota
536 4241 708 4300 terra
750 4256 887 4313 sua,
918 4242 985 4300 et
1014 4235 1095 4299 de
1136 4257 1271 4300 una
1314 4237 1552 4302 bovata
1582 4245 1788 4314 terrae,
1818 4258 1970 4302 cum
1998 4237 2436 4322 pertinenciis,
2465 4234 2540 4298 in

254 4321 713 4388 Haddeltona:
742 4323 1184 4391 Donationem
1204 4323 1473 4407 insuper
1514 4373 1529 4388 .
1579 4373 1595 4390 .
1641 4373 1656 4390 .
1703 4345 1866 4409 quas
1885 4325 2162 4390 Thomas
2186 4323 2267 4389 de
2287 4323 2540 4406 Birkyn

315 4460 332 4476 .
377 4458 397 4476 .
440 4410 599 4475 fecit
626 4411 771 4475 Deo
814 4461 829 4474 .
878 4461 893 4474 .
940 4458 955 4474 .
1002 4409 1085 4474 de
1113 4415 1253 4474 tota
1296 4417 1467 4474 terra
1498 4431 1635 4489 sua,
1666 4420 1735 4478 et
1765 4412 1844 4476 de
1882 4418 2022 4478 toto
2051 4412 2243 4476 bosco
2273 4430 2391 4474 suo
2421 4409 2540 4493 qui

1173 4517 1191 4550 ¹
1226 4519 1469 4570 Written
1492 4536 1606 4585 que.
