3075 5009
897 532 1371 582 cAn‘rULARmM
1398 533 1862 583 manumissa.
2395 525 2520 584 267

1191 692 1564 756 TnnsnAm.

229 825 325 891 M.
359 824 493 892 xlii.
613 825 810 892 Carta
837 827 1153 892 Bernardi
1182 828 1408 892 Fillol1
1440 829 1521 894 de
1551 828 1762 894 tribus
1792 829 1956 894 acris
1985 835 2170 896 terrae
2201 837 2267 896 et
2311 829 2523 895 tribus

696 914 872 979 rodis
900 915 972 979 in
1001 915 1343 980 Midelton.

230 998 325 1064 M.
358 1000 541 1066 xliiii.
613 999 808 1066 Carta
838 1002 1019 1067 Gode
1046 1003 1266 1067 uxoris
1312 1002 1627 1068 Bernardi
1656 1001 1852 1068 Fillol
1897 1002 1976 1068 de
2021 1003 2368 1069 donatione
2398 1005 2523 1069 viri

222 1683 407 1749 N.ii.

222 2194 308 2259 N.
340 2197 383 2260 i.

222 2308 310 2373 N.
340 2308 406 2372 ii.

220 2665 395 2754 [⁷2¹³]

228 2803 303 2870 Ο.
335 2804 375 2869 i.

224 2977 301 3043 O.
334 2999 394 3042 v.

698 1089 803 1153 sui
829 1088 901 1152 in
931 1089 1271 1155 Midelton.

1214 1288 1537 1354 Consum.

622 1423 817 1490 Carta
887 1426 1154 1490 Roberti
1229 1427 1309 1491 de
1377 1425 1726 1492 Stuteville
1799 1426 1881 1491 de
1953 1427 2105 1490 iiii0‘
2173 1429 2522 1492 carrucatis

695 1519 883 1577 terrae
927 1514 1009 1578 de
1055 1513 1351 1598 Couseby
1396 1519 1465 1578 et
1507 1513 1590 1578 de
1647 1533 1779 1578 una
1825 1519 2159 1579 carrucata
2213 1522 2396 1580 terrae
2446 1515 2520 1578 in

700 1599 1040 1684 Kepewyk

535 1665 555 1675 ..
609 1684 805 1752 Carta
848 1650 1169 1751 Willelmi
1213 1686 1293 1751 de
1338 1685 1651 1752 Stutavill
1689 1687 1770 1752 de
1816 1687 2111 1772 Couseby
2141 1693 2210 1752 et
2252 1687 2332 1753 de
2376 1689 2519 1772 qui-

695 1773 969 1838 busdam
1026 1774 1365 1858 particulis
1423 1779 1612 1839 terrae
1674 1775 2045 1859 jacentibus
2107 1774 2283 1839 ultra
2341 1775 2519 1840 viam

693 1861 1025 1946 publicam
1056 1862 1135 1926 de
1166 1861 1495 1926 Heskaith
1525 1869 1592 1926 et
1621 1869 1828 1926 metas
1859 1862 1940 1927 de
1971 1861 2266 1946 Bolteby.

1164 2059 1584 2126 Hssnrrnn.

608 2195 805 2262 Carta
834 2195 1080 2262 Odonis
1111 2197 1192 2261 de
1222 2197 1568 2262 donatione
1599 2197 1678 2262 de
1710 2197 2054 2264 Heskaith.

610 2307 805 2374 Carta
832 2309 996 2372 Adae
1040 2309 1121 2374 de
1168 2309 1448 2394 Bolteby
1478 2309 1562 2374 de
1604 2314 1776 2374 terra
1809 2310 2118 2394 ejusdem,
2147 2316 2216 2375 et
2259 2310 2342 2375 (16
2368 2330 2516 2394 pas-

692 2403 839 2548 {¹113
850 2396 1459 2548 affimlgaixgensthorp
1503 2402 1572 2462 et
1614 2397 1882 2480 Thrilby
1915 2398 1998 2462 ad
2044 2417 2190 2463 cccc
2234 2417 2404 2473 oves,
2448 2405 2516 2462 et

1201 2670 1525 2738 Amnum·

611 2803 808 2870 Carta
838 2803 1211 2889 G[ilbe1·ti]²
1238 2805 1591 2870 Haunsard
1621 2805 1700 2870 de
1739 2811 1878 2870 tota
1906 2805 2068 2869 villa
2097 2805 2178 2869 (16
2207 2805 2515 2890 Angram‚

692 2898 759 2956 et
786 2892 991 2956 libero
1018 2893 1299 2957 transitu
1328 2913 1443 2976 per
1470 2899 1708 2957 terram
1738 2893 1820 2957 de
1848 2892 2230 2976 Welleberg.

606 2977 801 3044 Carta
830 2978 1130 3064 Hugonis
1162 2980 1282 3042 filii
1311 2979 1643 3064 Radulphi
1674 2980 1754 3044 de
1792 2979 2151 3064 Huckerby
2181 2979 2260 3044 de
2290 2978 2341 3042 ii
2370 2978 2512 3042 bov.

690 3073 877 3131 terrae
907 3067 977 3130 in
1007 3067 1303 3151 Angrum
1334 3087 1480 3151 quae
1510 3068 1778 3131 fuerunt
1807 3065 2108 3132 Gaufridi
2144 3066 2514 3130 Haunsard.

313 3325 387 3412 [f.
424 3325 537 3412 53]
610 3327 669 3392 Ε
699 3327 917 3393 codice
946 3327 1087 3394 MS.
1119 3330 1489 3414 pergameni
1518 3348 1719 3414 penes
1748 3327 2227 3393 nobilissimum
2256 3329 2511 3394 Ducem

212 3413 295 3479 de
324 3413 635 3492 Rutland,
672 3417 855 3480 1730.

316 3507 369 3566 1.
432 3500 769 3567 Cartarum
816 3501 1331 3587 Rywallensium
1391 3503 1887 3579 intitulationes,
1947 3502 2304 3567 secundum
2348 3520 2511 3585 quas

212 3586 439 3672 jacent
465 3589 538 3652 in
569 3589 925 3666 armariolo,
968 3597 1045 3653 ut
1089 3590 1343 3654 facilius
1388 3591 1668 3654 inveniri
1711 3591 2010 3674 poterint,
2057 3610 2208 3654 cum
2251 3609 2512 3654 necesse

217 3675 436 3753 fuerit,
464 3675 690 3741 ordine
718 3675 1124 3762 alphabetico
1156 3677 1529 3741 distributae.
1623 3676 2011 3761 Quicunque
2041 3683 2261 3740 autem
2291 3695 2513 3740 earum

224 3761 513 3847 aliquam
542 3783 583 3827 a
612 3783 729 3830 suo
758 3764 954 3828 titulo
984 3763 1361 3828 alienaverit
1392 3763 1739 3829 anathema
1767 3764 1870 3828 sit.

215 3948 387 4035 [MS.
418 3947 527 4016 fol.
556 3949 635 4035 1⁸]
1055 3949 1107 4015 Ι.
1158 3949 1403 4014 CARTAE
1434 3949 1700 4014 REGUM.

262 4093 319 4154 1.
367 4085 565 4152 Carta
587 4086 862 4152 Henrici
879 4087 1075 4172 Regis
1094 4087 1375 4152 Senioris
1394 4087 1474 4152 de
1493 4087 1794 4152 omnibus
1813 4105 1956 4170 pos-

434 4174 831 4239 sessionibus
853 4181 921 4240 et
936 4174 1347 4240 libertatibus
1365 4173 1903 4258 Rywallensibus,
2065 4173 2146 4236 A.
2176 4171 2216 4234 i.

279 4346 300 4379 ¹
334 4345 468 4398 ‘rhi-
494 4363 653 4398 name
684 4347 732 4399 is
764 4363 827 4399 so
840 4347 1061 4464 (plainly
1084 4348 1305 4398 written
1416 4347 1511 4398 the
1528 4347 1846 4414 succeeding
1867 4351 2026 4410 entry
2042 4342 2338 4395 Gaufridus
2361 4341 2506 4394 Han-

212 4412 273 4464 in
294 4411 429 4464 both
452 4412 563 4464 this
585 4417 746 4478 entry
768 4429 839 4464 sn

899 4413 995 4464 the
1016 4417 1148 4464 next
1182 4413 1307 4464 that
1415 4411 1610 4463 sardis
1632 4411 1840 4464 named.
1913 4409 2200 4473 Probably,
2237 4408 2503 4468 however,

210 4493 285 4531 no
306 4477 542 4529 mistake
562 4493 733 4530 seems
752 4494 817 4530 su
854 4477 1085 4544 posable.
1415 4477 1509 4528 the
1532 4483 1752 4544 present
1773 4476 2061 4542 expansion
2084 4475 2130 4524 is
2153 4479 2212 4524 to
2247 4474 2314 4524 be
2347 4473 2503 4538 justi·

276 4544 299 4575 ¹
330 4542 390 4595 It
432 4543 628 4596 should
672 4543 741 4595 bo
776 4559 809 4595 ο
872 4543 1035 4594 erved
1078 4542 1201 4594 that
1242 4541 1301 4593 in
1412 4541 1533 4595 fied.
