3075 5009
603 473 725 531 422
1258 481 1734 530 cARTtJLARIUM
1765 481 2233 538 RIEVALLENSE.

597 650 1039 706 sacramentum
1080 641 1332 704 Thomas
1372 641 1449 703 (16
1492 640 1845 720 Swyntona,
1876 642 2171 706 willelmi
2209 646 2289 708 de
2317 645 2780 728 Hovyngham,
2821 651 2916 712 Jo-

595 726 815 788 hannis
872 723 1161 804 Ashlyon,
1234 723 1279 784 J
1280 723 1536 785 ohannis
1592 723 1836 804 Persay,
1896 725 2153 788 Roberti
2206 728 2454 808 Persay,
2513 729 2788 793 Thomae
2845 733 2916 794 de

598 807 1014 888 Gaunthorpe‚
1044 805 1088 866 J
1089 804 1345 868 ohannis
1372 805 1449 866 de
1479 803 1651 885 Olay,
1683 807 1934 868 Thomae
1961 807 2202 883 Holme,
2232 810 2276 870 J
2279 810 2538 872 ohannis
2563 812 2910 887 Wodcoke‚

595 891 639 951 J
642 890 897 952 ohannis
950 888 1052 949 del
1100 887 1285 963 Seler,
1338 887 1586 948 Thomae
1643 887 1720 948 (16
1776 887 1836 949 N
1838 889 1983 968 uby,
2041 900 2107 950 et
2159 891 2408 953 Thomae
2451 893 2666 956 Gruer
2685 897 2912 972 :—Qui

595 973 811 1034 dicunt
848 991 1031 1049 super
1072 977 1513 1030 sacramentum
1556 988 1734 1030 suum
1777 971 1944 1049 quod
1984 991 2108 1033 non
2149 982 2244 1033 est
2279 973 2360 1034 ad
2403 974 2760 1056 dampnum
2803 999 2912 1039 nec

594 1051 1015 1134 praejudicium
1036 1051 1186 1112 dicti
1212 1050 1462 1112 Domini
1484 1051 1687 1130 Regia,
1713 1071 1824 1113 nec
1851 1052 2126 1128 aliorum,
2153 1053 2374 1196 hqwd]
2401 1055 2568 1118 idem
2591 1058 2912 1120 Dominus

593 1137 730 1198 Rex
778 1133 1055 1196 concedit
1104 1131 1415 1210 Stephano
1462 1131 1542 1194 de
1591 1132 2022 1214 Harlethorpe,
2069 1134 2114 1195 J
2115 1155 2152 1196 0
2198 1138 2343 1198 anni
2397 1137 2478 1199 de
2527 1137 2906 1218 Clyveland‚

594 1217 901 1278 Willelmo
938 1215 1017 1277 de
1044 1213 1425 1292 Butterwyk,
1456 1223 1523 1274 et
1549 1213 1860 1276 Willelmo
1887 1215 2085 1277 Peche
2112 1217 2278 1296 quod
2307 1219 2423 1298 ipsi
2463 1239 2664 1282 unum
2705 1242 2908 1284 mesu-

590 1300 816 1380 agium,
857 1305 1120 1377 quatuor
1160 1296 1413 1357 bovatas
1454 1304 1650 1370 terrae,
1695 1304 1760 1358 et
1799 1305 1924 1358 tres
1967 1318 2152 1372 66166,
2200 1308 2265 1360 61,
2305 1300 2458 1361 duas
2503 1311 2720 1382 partes
2765 1317 2906 1366 octo

592 1401 867 1442 acrarum
909 1378 1085 1459 prati,
1116 1396 1255 1438 611111
1295 1377 1702 1457 pertinenciiS,
1735 1378 1800 1438 in
1842 1377 2116 1452 Bulford,
2150 1379 2297 1441 dare
2337 1383 2574 1460 possint
2605 1394 2674 1446 et
2713 1389 2906 1467 assig—

592 1483 737 1524 nare
765 1461 1003 1522 dilectis
1030 1459 1196 1520 dicto
1223 1459 1489 1521 Domino
1514 1459 1672 1540 Regi
1697 1460 1763 1520 in
1785 1458 2046 1536 Christo,
2073 1462 2305 1523 Abbati
2333 1473 2398 1524 et
2423 1463 2790 1528 conventui
2825 1469 2902 1530 de

592 1544 861 1617 Revalle,
890 1541 1261 1603 Habendum
1303 1587 1317 1602 .
1367 1587 1381 1600 .
1422 1585 1441 1604 .
1486 1540 1604 1602 sibi
1647 1548 1712 1602 et
1751 1543 2192 1605 successoribus
2233 1545 2360 1606 suis
2389 1547 2456 1606 in
2499 1557 2896 1628 perpetuum,

590 1628 657 1687 in
712 1632 949 1706 partem
1004 1621 1433 1684 satisfactionis
1486 1630 1806 1698 terrarum,
1864 1631 2356 1687 tenementorum
2411 1637 2476 1689 et
2529 1629 2896 1692 reddituum

590 1707 670 1769 ad
697 1707 965 1769 valorem
1006 1702 1214 1766 decem
1255 1703 1548 1764 librarum
1590 1723 1699 1782 per
1738 1725 1983 1781 annum,
2029 1727 2164 1786 quae
2197 1707 2498 1770 Dominus
2523 1709 2892 1784 EdwarduS‚

592 1809 785 1869 nuper
826 1787 963 1848 Rex
1003 1785 1265 1866 Angues,
1306 1805 1458 1846 avus
1512 1785 1664 1846 dicti
1711 1785 1960 1848 Domini
2009 1787 2196 1868 Regis
2245 1810 2424 1864 nunc,
2480 1811 2592 1870 per
2650 1793 2896 1856 litteras

589 1891 728 1932 suas
752 1877 1027 1950 patentes
1054 1867 1281 1928 eisdem
1300 1867 1530 1928 Abbati
1559 1876 1624 1928 et
1643 1866 2006 1943 conventui,
2033 1878 2164 1930 tam
2191 1871 2268 1932 (16
2296 1872 2474 1934 feodo
2502 1893 2616 1934 suo
2640 1879 2894 1956 proprio

588 1973 772 2034 quam
811 1951 1027 2024 alieno,
1063 1949 1332 2028 exceptis
1373 1949 1554 2009 terris
1595 1957 1660 2009 et
1698 1951 2062 2012 tenementis
2104 1973 2242 2031 quae
2282 1953 2360 2015 de
2398 1955 2534 2034 ipso
2573 1977 2695 2017 avo
2735 1959 2892 2018 dicti

590 2034 840 2095 Domini
886 2031 1071 2112 Regis
1112 2051 1273 2092 nunc
1316 2031 1610 2092 tenebant
1657 2032 1722 2091 in
1771 2033 1984 2112 capite,
2033 2035 2330 2096 concessit
2371 2035 2778 2116 adquirenda
2831 2053 2891 2102 et

588 2117 815 2177 eisdem
844 2113 1175 2192 Stephano,
1203 2111 1247 2171 J
1249 2112 1490 2186 ohanni,
1521 2111 1850 2188 Willelmo,
1882 2122 1946 2173 et
1975 2113 2283 2177 willelmo
2321 2117 2490 2195 quod
2518 2119 2638 2198 ipsi
2679 2140 2890 2182 conce

585 2199 729 2259 dere
784 2197 1018 2275 possint
1066 2193 1231 2274 quod
1286 2194 1471 2254 tertia
1516 2213 1659 2273 pars
1715 2194 2142 2273 praedictarum
2189 2205 2328 2258 octo
2375 2219 2653 2261 acrarum
2703 2206 2886 2282 prati,

588 2301 725 2340 cum
753 2276 1158 2358 pertinenciis,
1188 2295 1371 2354 quam
1398 2275 1663 2336 Thomas
1692 2275 2066 2356 Meryngton
2105 2287 2170 2340 et
2195 2279 2238 2340 J
2241 2279 2500 2354 ohanna,
2529 2303 2692 2343 uxor
2729 2287 2884 2364 ejus,

586 2369 802 2422 tenent
839 2359 919 2420 ad
964 2359 1154 2418 vitam
1202 2357 1389 2436 ipsius
1437 2356 1482 2417 J
1484 2355 1761 2431 0116111166,
1805 2367 1870 2418 et
1909 2379 2061 2438 qum,
2107 2370 2248 2440 post
2293 2370 2556 2424 mortem
2605 2365 2884 2443 ejusdem

585 2444 627 2505 ,J
632 2443 887 2516 ohanne,
933 2440 1009 2501 ad
1053 2439 1335 2518 praefatos
1382 2437 1778 2517 Stephanum,
1809 2439 2174 2517 «Iohannem,
2208 2441 2586 2505 Willelmum
2625 2454 2694 2507 et
2735 2447 2884 2509 Wil-

586 2526 833 2586 lelmum
876 2522 1099 2583 reverti
1138 2520 1402 2595 deberet,
1450 2528 1592 2600 post
1632 2529 1892 2582 mort-em
1933 2523 2208 2602 ejusdem
2234 2524 2280 2584 J
2281 2525 2538 2586 ohannae
2566 2541 2877 2590 remaneat

584 2606 852 2686 praefatis
902 2603 1130 2664 Abbati
1186 2609 1250 2662 et
1305 2601 2094 2696 conventui—:Tenendum
2148 2605 2263 2666 sibi
2319 2615 2384 2668 et
2433 2612 2878 2672 successoribus

584 2685 1243 2846 ffiffiffiss‘ssffsffisst
1280 2683 2686 2848 ffiispffdfflwffiffissoffiffifflffi’
2705 2713 2874 2836 ⁸232:

584 2860 929 2912 mentorum
958 2857 1021 2910 et
1062 2846 1417 2908 reddituum
1460 2846 1905 2926 praedictorum,
1936 2849 2095 2910 sicut
2122 2851 2480 2929 praedictum
2509 2863 2622 2927 est,
2653 2855 2722 2915 in
2751 2877 2876 2936 per-

586 2943 852 3013 petuum.
940 2930 1099 2990 Item
1128 2929 1343 2988 dicunt
1370 2928 1535 3006 quod
1579 2929 1868 3007 praedicta
1908 2933 2302 3011 mesuagium,
2333 2943 2496 2994 terra
2524 2943 2590 2996 61,
2632 2949 2870 3016 pratum

582 3023 873 3075 tenentur
912 3011 988 3073 de
1030 3010 1299 3090 praefatis
1339 3010 1584 3070 Abbate
1625 3019 1690 3070 et
1738 3010 2058 3072 Conventu
2093 3033 2203 3092 per
2243 3014 2620 3090 fidelitatem,
2663 3028 2734 3080 et
2773 3041 2875 3099 per

583 3096 904 3156 servicium
950 3093 1131 3153 unius
1180 3091 1342 3171 paris
1390 3091 1804 3166 cirotecamm,
1857 3093 1934 3152 ad
1980 3094 2205 3155 festum
2253 3095 2499 3158 Paschae
2554 3103 2872 3162 annuatim

583 3177 957 3248 solvendum,
1011 3194 1120 3253 pro
1176 3173 1456 3233 omnibus
1510 3173 1796 3234 serviciis.
1891 3173 2049 3235 Item
2096 3177 2310 3238 dicunt
2361 3179 2527 3257 quod
2585 3183 2872 3258 praedicta

581 3258 1004 3338 messuagium,
1036 3264 1215 3330 terra,
1260 3263 1385 3314 tres
1428 3274 1594 3329 66161,
1627 3261 1691 3315 et
1717 3254 1854 3316 duae
1897 3264 2098 3335 partes
2127 3257 2336 3319 valent
2377 3281 2488 3339 per
2527 3281 2778 3338 annum,
2810 3265 2869 3324 in

580 3340 859 3402 omnibus
902 3337 1183 3412 exitibus,
1228 3337 1408 3415 juxta
1445 3355 1658 3397 verum
1692 3336 1960 3398 valorem
2001 3339 2346 3416 earundem,
2377 3342 2598 3422 viginti
2645 3355 2709 3405 et
2751 3355 2870 3406 tres

580 3422 805 3484 solidos
844 3419 1098 3499 argenti,
1128 3426 1193 3479 et
1236 3417 1526 3498 praedicta
1565 3419 1751 3478 tertia
1791 3439 1930 3498 pars
1957 3420 2122 3481 valet
2149 3441 2258 3501 per
2284 3442 2349 3484 se
2389 3443 2500 3503 per
2527 3445 2778 3500 annum,
2811 3429 2868 3488 in

580 3504 859 3566 omnibus
888 3501 1154 3562 exitibus
1186 3500 1329 3573 suis,
1360 3507 1484 3560 tres
1524 3499 1750 3561 solidos
1779 3509 1842 3560 et
1871 3508 2007 3562 octo
2048 3502 2326 3564 denarios
2367 3507 2623 3585 argenti.
2711 3509 2868 3570 Item

580 3587 794 3648 dicunt
835 3582 999 3662 quod
1036 3580 1313 3662 praedicti
1340 3581 1551 3641 Abbas
1591 3589 1655 3642 et
1695 3580 2048 3644 Conventus
2091 3592 2306 3646 tenent
2346 3587 2640 3666 praedicta
2681 3610 2868 3651 mesu·

578 3669 797 3746 agium,
823 3674 1049 3726 terram
1076 3673 1140 3724 et
1160 3669 1403 3743 pratum
1424 3661 1501 3722 de
1519 3662 1758 3724 Comite
1779 3663 2154 3740 Μ616666110,
2171 3676 2244 3728 ut
2263 3667 2588 3745 parcellam
2614 3672 2866 3733 manerii

578 3750 655 3810 de
684 3746 1015 3819 Buliordia,
1060 3745 1136 3805 (16
1178 3745 1445 3805 manerio
1472 3764 1584 3805 suo
1625 3744 1702 3805 de
1729 3745 2157 3826 Hovyngham.
2245 3747 2404 3810 Item
2445 3750 2664 3812 dicunt
2705 3753 2866 3832 quod

580 3830 853 3911 praedicti
874 3828 1081 3889 Abbas
1102 3835 1167 3888 et
1185 3826 1537 3888 Conventus
1561 3833 1624 3886 et
1639 3826 1928 3906 praefatus
1947 3828 2162 3890 Comes
2179 3839 2326 3890 sunt
2339 3831 2528 3892 medii
2542 3833 2708 3895 inter
2723 3855 2866 3916 11116-

576 3915 772 3973 fatum
810 3910 1143 3971 Dominum
1182 3908 1411 3988 Regem
1443 3928 1622 3983 nunc,
1653 3916 1717 3968 et
1743 3909 2028 3987 praefatos
2070 3911 2465 3992 Stephanum,
2495 3913 2540 3974 J
2541 3915 2860 3986 ohannem,

582 3992 957 4056 Willelmum
999 3999 1063 4052 et
1090 3989 1462 4050 Willelmum
1504 3989 1582 4050 de
1621 3991 1976 4070 messuagio,
2021 3999 2186 4053 terra
2224 4003 2290 4055 et
2314 4002 2491 4073 prato
2519 3997 2826 4076 praedictis
2852 4023 2864 4072 3

576 4087 641 4138 et
668 4075 829 4156 quod
860 4093 984 4134 non
1012 4081 1158 4132 sunt
1183 4070 1371 4150 aliqui
1398 4070 1503 4132 6111
1530 4071 1718 4132 166(1ἰί
1744 4072 1905 4133 inter
1932 4074 2254 4151 praefatum
2279 4075 2614 4138 Dominum
2635 4079 2862 4160 Regem

578 4168 641 4220 et
682 4157 967 4237 praefatos
1008 4153 1401 4232 Stephanum,
1446 4154 1488 4213 J
1491 4152 1808 4228 ohannem,
1853 4153 2232 4217 Willelmum
2271 4166 2336 4218 et
2369 4157 2745 4222 Willelmum
2787 4161 2862 4222 de

578 4239 930 4318 messuagio,
962 4245 1139 4306 terra,
1170 4245 1235 4296 et
1274 4243 1451 4315 prato
1478 4233 1796 4315 praedictis.
1885 4235 2047 4298 Item
2085 4237 2301 4300 dicunt
2341 4239 2504 4318 quod
2534 4241 2706 4302 nulla
2744 4243 2860 4304 alia

576 4332 739 4383 terra
767 4339 873 4381 seu
902 4325 1249 4379 tenementa
1275 4324 1591 4377 remanent
1619 4317 1846 4378 eisdem
1875 4317 2200 4398 Stephano,
2232 4321 2278 4381 J
2277 4321 2520 4396 ohanni,
2551 4322 2856 4386 Willelmo

578 4414 641 4464 et
668 4401 989 4474 Willelmo,
1021 4399 1184 4460 ultra
1210 4398 1616 4474 donationem,
1647 4399 2118 4477 assignationem
2155 4411 2219 4464 et
2245 4405 2688 4466 concessionem
2717 4427 2856 4486 11161-

578 4487 789 4558 dictas,
820 4484 881 4544 in
912 4483 1079 4546 Com.
1113 4481 1415 4561 praedicto,
1449 4501 1583 4559 quae
1625 4479 1702 4541 de
1731 4482 1934 4561 aliquo
1977 4490 2264 4546 tenentur
2291 4485 2390 4547 vel
2431 4507 2566 4566 quae
2609 4487 2850 4550 extendi
