3075 5009
870 553 1341 602 011111οω111οΜ
1372 553 1836 604 mamus-uss.
2363 544 2488 604 293

213 708 515 786 Roberto,
554 729 675 774 nec
721 707 1085 776 haeredibus
1130 713 1239 776 vel
1284 711 1628 797 assignatis
1673 712 1827 789 81118,
1857 733 2117 778 cursum
2163 711 2489 797 praedictae

210 815 399 879 aquae
415 795 761 873 obstruere,
781 817 901 862 nec
918 817 958 861 a
974 818 1090 862 suo
1108 799 1425 864 conducto
1443 799 1572 864 alio
1591 798 1779 864 modo
1797 799 2485 884 divertere‚quominus

210 903 437 947 cursus
484 883 809 967 praedictae
857 904 1045 968 aquae
1096 885 1177 950 ad
1229 886 1608 971 praedictam
1665 887 1996 972 grangiam
2056 887 2484 971 impediatur:

209 970 647 1035 Donationem
690 1020 705 1035 .
752 1020 767 1036 .
814 1019 833 1035 .
877 991 1038 1056 quas
1068 975 1289 1056 Agnes
1333 973 1415 1038 de
1454 973 1744 1039 Norbam
1789 1024 1804 1039 .
1851 1022 1866 1038 .
1912 1022 1927 1039 .
1974 975 2132 1039 fecit
2158 973 2301 1039 Deo
2343 1023 2360 1038 .
2405 1025 2420 1038 .
2465 1025 2481 1038 .

210 1055 293 1122 de
350 1057 621 1122 dimidia
676 1065 975 1124 carucata
1031 1066 1235 1138 terrae,
1294 1081 1445 1126 cum
1501 1061 1937 1146 pertinenciis,
1987 1061 2059 1125 in
2103 1061 2483 1144 Sproxtona,

208 1145 499 1228 exceptis
548 1165 664 1210 sex
715 1147 881 1210 acris
932 1153 1135 1222 terrae,
1188 1153 1255 1212 et
1306 1148 1386 1213 de
1438 1148 1925 1232 quatuordecim
1975 1148 2138 1212 acris
2183 1155 2372 1212 terrae
2415 1155 2483 1212 et

208 1229 463 1296 duabus
504 1232 799 1315 partibus
842 1233 1039 1297 unius
1084 1234 1251 1310 tofti,
1280 1256 1431 1300 cum
1474 1235 1908 1319 pertinenciis,
1939 1235 2009 1298 in
2053 1236 2278 1300 eadem
2307 1235 2483 1312 villa,

206 1338 360 1382 cum
417 1317 713 1404 homagio
763 1326 832 1384 et
888 1320 1161 1386 servicio
1212 1322 1479 1386 Roberti
1525 1321 1647 1386 filii
1698 1322 1970 1387 Henrici
2029 1329 2096 1386 et
2154 1321 2479 1386 haeredum

208 1425 493 1482 suorum,
520 1413 589 1470 et
638 1405 719 1470 de
769 1413 1034 1490 pastura
1082 1409 1155 1472 in
1198 1409 1515 1473 territorio
1561 1409 1850 1492 ejusdem
1891 1409 2067 1472 villae
2110 1409 2480 1492 ubicunque

204 1511 439 1576 pecora
482 1492 754 1557 Domini
811 1493 1078 1560 Roberti
1122 1496 1202 1560 de
1246 1495 1609 1580 Sproxtona
1668 1503 1735 1560 et
1793 1496 2131 1560 hominum
2190 1496 2478 1578 ejusdem

206 1579 385 1644 villae
405 1581 849 1663 pascebantur,
872 1581 953 1645 ad
986 1588 1335 1647 trescentas
1355 1583 1697 1661 multones,
1723 1591 1790 1647 et
1818 1583 1900 1646 ad
1929 1583 2218 1667 quinque
2235 1603 2479 1660 vaccae„

206 1687 358 1731 cum
386 1666 648 1750 sequela
675 1688 899 1732 earum
928 1669 1123 1733 unius
1152 1671 1326 1746 anni,
1349 1677 1417 1734 et
1438 1691 1587 1734 cum
1616 1677 1804 1735 tauro
1823 1690 1959 1746 suo,
1977 1678 2044 1734 et
2061 1671 2142 1734 ad
2165 1677 2296 1734 tres
2314 1690 2481 1746 sues,

206 1773 359 1816 cum
387 1752 649 1838 sequela
676 1775 897 1818 earum
918 1756 1113 1820 unius
1144 1757 1317 1834 anni,
1346 1759 1486 1822 sine
1508 1757 1845 1842 pannagio,
1875 1777 2026 1820 cum
2044 1777 2226 1820 verre
2256 1777 2390 1834 su0,
2413 1764 2480 1821 et

207 1840 293 1903 ad
322 1846 453 1904 tres
482 1860 697 1925 equas,
720 1861 870 1905 cum
900 1843 1163 1926 sequela
1192 1865 1410 1908 earum
1441 1845 1521 1908 de
1544 1845 1752 1908 tribus
1775 1844 1980 1920 annis,
1999 1851 2066 1908 et
2087 1844 2169 1908 ad
2189 1844 2382 1908 boves
2413 1848 2480 1907 et

207 1946 407 2010 equos
438 1927 829 1992 sufficienter
858 1929 941 1994 ad
969 1930 1311 2012 praedictas
1341 1938 1546 1995 terras
1581 1931 1899 2007 colendaS,
1929 1937 1996 1994 et
2039 1930 2119 1995 de
2165 1930 2478 2014 capiendo

209 2014 283 2076 in
333 2015 527 2078 bosco
584 2015 757 2079 villae
802 2015 883 2080 de
942 2015 1165 2080 Oskou
1190 2017 1212 2054 ¹
1255 2016 1457 2082 libere
1516 2018 1833 2082 estoveria
1875 2039 1994 2082 sua
2037 2017 2120 2081 ad
2177 2016 2481 2082 hosebote

206 2107 275 2164 et
315 2099 613 2184 haybote,
642 2109 710 2166 et
752 2102 834 2166 ad
880 2102 1253 2183 ardendum,
1282 2104 1714 2169 claudendum
1759 2113 1826 2170 et
1869 2104 2336 2180 aedificandum,
2367 2125 2482 2187 per

206 2188 423 2252 visum
444 2187 924 2253 forestariorum
945 2190 1215 2255 Domini
1260 2191 1528 2256 Roberti
1560 2192 1639 2257 de
1664 2193 2026 2276 Sproxtona
2054 2199 2120 2256 et
2149 2190 2478 2255 haeredum

204 2293 487 2352 suorum,
517 2281 585 2339 et
626 2275 707 2340 de
750 2274 1049 2342 libertate
1088 2278 1374 2343 molendi
1405 2279 1669 2343 bladum
1699 2299 1907 2356 suum,
1939 2280 1996 2342 si
2023 2277 2365 2355 voluerint,
2395 2278 2478 2343 ad

205 2360 652 2426 molendinum
684 2363 763 2427 de
794 2363 1157 2446 Sproxtona
1199 2365 1283 2430 ad
1310 2367 1692 2430 vicesimum
1721 2387 1854 2443 vas,
1899 2373 1964 2430 et
2006 2364 2179 2449 quod
2232 2364 2480 2429 molent

204 2448 627 2531 proximiores
692 2449 793 2514 illi
851 2452 1036 2534 cujus
1095 2452 1364 2516 bladum
1434 2453 1635 2517 fuerit
1699 2473 1893 2537 super
1949 2452 2394 2516 molendinum
2419 2450 2479 2516 :²

207 2535 701 2600 Concessionem
742 2537 1027 2621 insuper,
1070 2539 1531 2617 remissionem,
1576 2540 2126 2605 confirmationem
2169 2545 2236 2602 et
2280 2539 2478 2602 dona-

204 2624 451 2686 tionem
481 2644 643 2708 quas
671 2623 1045 2689 Willelmus
1088 2627 1263 2691 filius
1292 2627 1560 2692 Roberti
1603 2628 1684 2691 de
1729 2627 2095 2710 Sproxtona
2135 2675 2150 2690 .
2198 2676 2213 2690 .
2260 2675 2274 2688 .
2321 2625 2478 2690 fecit

204 2710 348 2774 Deo
392 2759 407 2774 .
454 2759 470 2774 .
514 2760 531 2774 .
576 2711 657 2775 de
678 2717 817 2775 tota
844 2713 1111 2796 grangia
1140 2713 1222 2777 de
1250 2714 1315 2776 N
1317 2720 1575 2791 eutona,
1596 2735 1744 2778 cum
1773 2714 1982 2790 terris»,
2003 2711 2225 2796 pratis,
2250 2711 2478 2788 boscis,

203 2796 507 2880 pasturis,
564 2799 944 2875 communis,
1000 2799 1427 2878 libertatibus,
1486 2806 1555 2865 et
1597 2801 1895 2865 omnibus
1954 2800 2100 2863 aliis
2145 2799 2336 2863 rebus
2395 2798 2477 2862 ad

207 2885 450 2948 dictam
489 2885 823 2969 grangiam
866 2887 1359 2969 peltinentibu3‚
1389 2895 1456 2952 et
1500 2887 1582 2952 de
1627 2909 1844 2953 annuo
1886 2887 2144 2951 redditu
2190 2898 2470 2970 quatuor

205 2970 554 3035 solidorum
604 2993 801 3056 quam
852 2972 1099 3038 solebat
1148 2976 1230 3038 ab
1280 2975 1375 3039 eis
1418 2975 1703 3058 recipere
1745 2995 1862 3058 pro
1905 2975 2189 3039 bercaria
2231 2993 2350 3037 sua
2393 2972 2474 3036 de

207 3058 587 3140 Sproxtona,
632 3079 764 3122 una
808 3079 957 3124 cum
1008 3061 1215 3125 tribus
1262 3061 1503 3138 solidis,
1548 3083 1780 3126 novem
1829 3060 2109 3125 denariis
2155 3065 2222 3124 et
2268 3059 2474 3135 obolo,

204 3165 367 3228 quos
414 3145 539 3210 sibi
581 3146 827 3210 solvere
856 3155 1332 3214 consueverunt
1362 3169 1477 3232 pro
1503 3148 1955 3225 Wdehusfeld,
1983 3155 2051 3212 et
2095 3148 2176 3212 de
2221 3147 2474 3211 duobus

203 3231 427 3296 solidis
458 3253 619 3317 quos
650 3233 775 3297 sibi
804 3235 1143 3298 annuatim
1172 3235 1421 3300 solvere
1450 3246 1928 3301 consueverunt
1954 3255 2070 3318 pro
2099 3235 2228 3298 fine
2259 3233 2473 3298 Comi-

204 3326 383 3384 tatus
426 3328 495 3384 et
521 3318 937 3404 Wapentagii
980 3343 1096 3405 pro
1140 3329 1418 3406 quatuor
1459 3323 1775 3388 carucatis
1818 3330 2006 3387 terrae
2051 3323 2120 3386 in
2150 3322 2473 3397 Neutona,

204 3417 273 3470 et
322 3405 403 3470 de
453 3407 755 3471 omnibus
805 3408 1279 3486 donationibus,
1322 3411 1513 3475 cartis
1565 3417 1633 3476 et
1675 3409 2266 3476 confirmationibus
2311 3426 2474 3491 quas

203 3493 449 3558 habent
476 3514 559 3558 ex
580 3493 750 3558 dono
780 3495 981 3577 patris
1012 3497 1131 3572 sui,
1160 3504 1230 3561 et
1271 3497 1565 3561 omnium
1594 3505 2067 3562 antecessorum
2097 3515 2377 3571 suorum,
2408 3501 2476 3559 et

204 3580 288 3644 de
356 3580 656 3644 omnibus
713 3582 919 3659 terrie,
964 3583 1227 3661 tenuris,
1286 3583 1693 3650 libertatibus
1771 3591 1838 3648 et
1895 3582 2254 3648 communis
2313 3601 2476 3665 quas

204 3666 450 3730 habent
496 3667 577 3731 de
624 3667 793 3732 dono
820 3668 1170 3734 liberorum
1199 3671 1538 3736 hominum
1587 3671 1668 3734 de
1715 3671 1901 3736 feodo
1949 3691 2064 3734 suo
2112 3670 2183 3734 in
2211 3668 2476 3751 campis,

205 3754 436 3832 boscis,
472 3754 693 3837 pratis,
722 3756 1023 3839 pasturis,
1049 3757 1120 3820 in
1166 3759 1485 3823 territorio
1530 3759 1611 3822 de
1655 3758 1961 3823 Neutona
2005 3763 2070 3821 et
2113 3757 2192 3820 de
2239 3755 2477 3838 Sprox-

206 3848 381 3918 tona,
409 3861 557 3906 cum
588 3843 889 3908 omnibus
919 3843 1327 3910 libertatibus
1358 3853 1425 3910 et
1451 3845 1888 3929 pertinencii8‚
1918 3849 1984 3909 et
2026 3843 2105 3908 de
2151 3843 2478 3907 communi

206 3935 474 4011 pastura
523 3929 606 3992 ad
651 3949 875 3994 omnes
934 3931 1291 3997 dominicos
1341 3953 1566 4016 porcos
1617 3953 1766 3998 suos
1819 3932 1898 3996 de
1929 3932 1994 3994 N
1996 3938 2234 3995 eutona
2285 3937 2353 3993 et
2399 3929 2482 3994 de

208 4015 430 4091 Griffe,
460 4021 527 4080 et
578 4015 660 4079 ad
708 4016 1078 4100 quindecim
1122 4019 1422 4101 jumenta
1466 4020 1548 4084 ad
1593 4018 1973 4085 sustinenda
2014 4037 2209 4101 opera
2253 4036 2371 4080 sua
2399 4017 2481 4081 de

209 4103 433 4180 Griffe,
462 4123 614 4167 cum
645 4103 908 4186 sequela
936 4125 1176 4182 eorum,
1204 4127 1410 4190 usque
1439 4107 1521 4170 ad
1553 4107 2040 4190 separationem,
2071 4106 2142 4168 in
2183 4104 2484 4168 omnibus

208 4190 435 4266 bosciS,
464 4190 653 4254 terris
676 4197 743 4254 et
771 4191 1053 4274 pasturis
1082 4193 1289 4276 ipsius
1310 4193 1645 4270 Willelmi,
1675 4215 1750 4258 ex
1759 4193 1962 4277 ceptis
1991 4211 2220 4274 campo
2256 4210 2373 4254 suo
2405 4189 2486 4254 de

208 4278 572 4361 Sproxtona
609 4275 720 4363 [m.
758 4275 870 4361 21]
918 4287 984 4343 et
1035 4279 1227 4343 bosco
1278 4281 1391 4364 qui
1432 4288 1700 4346 vocatur
1748 4281 2006 4346 Oskou:
2048 4278 2487 4342 Donationem

270 4425 287 4458 ¹
325 4425 457 4477 This
476 4423 525 4476 is
550 4441 609 4475 so
632 4424 867 4478 written.
928 4425 987 4478 It
1007 4441 1131 4493 may
1154 4427 1221 4478 be
1253 4429 1511 4481 intended
1540 4429 1628 4482 for
1659 4427 1920 4481 Oustscou
1947 4445 1964 4490 ς
1997 4425 2192 4490 hardly
2213 4425 2298 4476 for
2331 4423 2490 4476 Ouat-

208 4492 461 4608 hoiu‘l'his
480 4555 529 4608 is
552 4556 627 4622 by
648 4571 719 4609 110
740 4571 923 4608 meane
943 4557 1276 4626 intelligible.
1347 4559 1490 4623 Itis,
1516 4560 1780 4622 however,
1807 4557 2067 4624 correctly
2091 4555 2294 4623 copied.
