3075 5009
909 483 1383 535 cmrummtm
1412 482 1880 533 mvmunss.
2407 468 2532 532 307

251 639 413 705 Alta
457 640 625 725 Ripa
675 691 690 706 .
742 690 759 708 .
807 690 823 709 .
875 641 1033 707 fecit
1073 642 1217 707 Deo
1261 690 1277 707 .
1328 687 1347 708 .
1396 691 1413 707 .
1461 641 1546 706 de
1587 641 1799 706 tribus
1843 639 2096 706 bovatis
2137 645 2342 717 terrae,
2385 660 2536 705 cum

253 727 694 811 pertinencii3‚
749 728 824 792 in
888 729 1213 796 Favedre:
1283 728 1724 794 Donationem
1767 777 1782 793 .
1829 778 1844 794 .
1888 772 1904 789 .
1952 747 2117 812 quas
2183 726 2380 811 Hugo
2454 727 2536 793 de

257 814 559 900 Casteley
604 865 619 880 .
664 865 679 881 .
725 863 739 880 .
786 815 946 880 fecit
994 816 1138 882 Deo
1180 865 1197 882 .
1244 865 1259 880 .
1304 863 1321 881 .
1366 815 1446 881 de
1496 822 1636 881 toto
1694 821 1880 899 prato
1939 835 2075 893 suc,
2127 835 2278 879 cum
2337 815 2534 898 perti-

254 902 525 980 nenciis,
582 902 655 967 in
700 903 1163 968 Mensintona:
1219 902 1660 968 Donationem
1702 951 1719 967 .
1763 950 1780 968 .
1827 951 1842 966 .
1888 921 2052 986 quas
2103 901 2301 986 Hugo
2358 901 2534 966 filius

252 987 577 1054 Willelmi
620 989 701 1054 de
744 989 1038 1055 Lethelai
1078 1037 1096 1055 .
1142 1038 1159 1054 .
1202 1039 1219 1055 .
1265 989 1423 1054 fecit
1470 989 1616 1054 Deo
1659 1039 1674 1054 .
1721 1038 1738 1054 .
1780 1039 1796 1056 .
1843 988 1926 1053 de
1975 988 2090 1052 illo
2134 995 2339 1073 prato,
2383 1008 2534 1074 cum

253 1075 691 1159 pertinenciis,
741 1076 814 1141 in
865 1077 1182 1142 Baildona
1238 1076 1417 1161 quod
1472 1082 1575 1141 est
1623 1076 1818 1161 juxta
1873 1075 2196 1141 sicketum
2255 1094 2295 1139 a
2351 1083 2537 1160 parte

252 1163 525 1228 australi
542 1163 832 1247 ejusdem
852 1164 1119 1230 sicketi:
1163 1163 1603 1229 Donationem
1645 1213 1660 1228 .
1708 1213 1722 1228 .
1769 1211 1784 1229 .
1833 1183 1996 1247 quas
2018 1162 2340 1227 Robertus
2361 1162 2535 1227 filius

256 1249 576 1316 Willelmi
616 1250 701 1315 de
751 1251 1236 1317 Heucheswrde
1278 1301 1293 1316 .
1340 1301 1356 1318 .
1399 1299 1416 1317 .
1464 1252 1620 1316 fecit
1660 1251 1805 1314 Deo
1849 1300 1864 1315 .
1911 1300 1925 1314 .
1975 1298 1989 1314 .
2035 1248 2117 1314 de
2145 1254 2410 1333 pastura
2452 1249 2536 1314 ad

253 1342 519 1401 centum
562 1357 733 1415 oves,
790 1358 941 1403 cum
984 1337 1421 1422 pertinenciis,
1464 1337 1537 1402 in
1594 1337 2094 1414 Heucheswrde‚
2153 1344 2221 1401 et
2262 1335 2345 1401 de
2397 1342 2537 1402 toto

252 1430 458 1508 prato,
488 1445 638 1490 cum
688 1425 1125 1510 pertinenciis,
1168 1425 1343 1510 quod
1392 1424 1626 1489 habuit
1673 1424 1746 1488 in
1790 1423 2239 1508 Bradhenges:
2286 1422 2535 1488 Remis-

252 1510 501 1576 sionem
525 1511 741 1590 etiam,
762 1512 1229 1578 relaxationem
1249 1520 1317 1578 et
1338 1513 1626 1596 quietam
1655 1509 2077 1576 clamanciam
2100 1531 2261 1594 quas
2277 1509 2536 1574 Willel·

254 1618 401 1663 mus
452 1598 534 1662 de
577 1598 990 1677 Kirckeston‚
1019 1600 1225 1678 miles,
1253 1600 1429 1663 filius
1459 1598 1694 1684 Rogeri
1736 1598 1816 1663 de
1868 1597 2244 1674 Kirkeston,
2288 1597 2539 1675 militie,

258 1685 416 1750 fecit
466 1685 715 1750 Abbati
764 1693 831 1752 et
888 1686 1224 1752 monachis
1268 1686 1592 1770 praedictis
1636 1685 1718 1748 de
1774 1690 1914 1750 toto
1967 1685 2112 1769 jure
2174 1691 2242 1749 et
2303 1683 2539 1748 clamio

256 1791 405 1856 quoe
432 1771 666 1838 habuit
694 1773 801 1838 vel
830 1774 1067 1839 habere
1096 1773 1313 1858 potuit
1354 1775 1427 1837 in
1470 1773 1772 1837 omnibus
1816 1771 2004 1836 terris
2035 1779 2102 1836 et
2129 1771 2536 1849 tenementis,

256 1859 481 1942 pratis,
508 1861 725 1938 moris,
765 1861 991 1943 vastis,
1038 1860 1245 1926 boscis
1297 1867 1366 1926 et
1421 1859 1725 1944 pasturis,
1776 1878 1928 1923 cum
1976 1858 2420 1941 pertinenciiS,
2467 1857 2540 1922 in

256 1945 573 2011 Swaldale
601 1967 749 2031 quae
776 1947 977 2013 iidem
1010 1947 1225 2012 Abbas
1255 1953 1324 2012 et
1352 1946 1653 2012 monachi
1682 1945 1928 2011 habent
1973 1965 2054 2009 ex
2099 1945 2268 2010 dono
2298 1951 2367 2010 et
2394 1965 2538 2010 con-

256 2034 546 2098 cessione
592 2034 873 2100 Gilberti
900 2034 1023 2098 filii
1057 2034 1339 2100 Gilberti
1377 2034 1457 2098 de
1488 2034 1729 2111 Gaunt,
1756 2033 1930 2096 infra
1959 2039 2165 2096 certas
2194 2031 2438 2097 divisas
2466 2032 2540 2096 in

256 2119 484 2184 eodem
527 2121 768 2205 scripto
814 2128 1182 2188 contentas:
1246 2122 1720 2186 Remissionem
1762 2120 2045 2203 insuper,
2072 2119 2537 2184 relaxationem

258 2213 327 2272 et
366 2207 659 2290 quietam
712 2208 1138 2274 clamanciam
1179 2229 1341 2292 quas
1371 2207 1743 2272 willelmus
1788 2206 1869 2272 de
1897 2206 2203 2291 Wyerne,
2250 2205 2427 2270 filius
2472 2212 2540 2271 et

255 2292 462 2358 haeres
492 2295 763 2359 Roberti
806 2295 889 2360 de
917 2296 1218 2381 Wyerne,
1248 2295 1405 2360 fecit
1432 2295 1684 2359 Abbati
1727 2298 1795 2360 et
1837 2293 2170 2358 monachis
2214 2293 2540 2377 praedictis

253 2380 337 2445 de
380 2387 517 2445 toto
568 2383 718 2466 jure
768 2391 837 2448 et
880 2383 1113 2448 clamio
1156 2403 1303 2466 quae
1345 2382 1580 2447 habuit
1621 2381 1727 2446 vel
1770 2379 2004 2444 habere
2047 2381 2265 2464 potuit
2306 2380 2378 2444 in
2405 2399 2542 2444 una

253 2467 481 2552 placea
529 2469 717 2552 prati,
768 2489 920 2534 cum
970 2469 1409 2554 pertinenciis,
1456 2469 1531 2532 in
1582 2468 1894 2552 Kaytona
1944 2487 2092 2551 quae
2143 2467 2320 2550 jacet
2367 2467 2541 2531 inter

252 2561 516 2638 pratum
566 2556 773 2640 ipsius
823 2557 1147 2622 Willelmi
1204 2564 1271 2622 et
1327 2562 1589 2640 pratum
1645 2555 2099 2639 praedictorum
2144 2553 2422 2618 Abbatis
2474 2560 2542 2618 et

254 2642 717 2707 monachorum
767 2643 941 2727 quod
993 2650 1261 2708 vocatur
1309 2643 1373 2708 le
1424 2643 1746 2727 Foreeng:
1799 2640 2270 2706 Remissionem
2323 2641 2539 2718 etiam,

248 2727 715 2794 relaxationem
759 2738 826 2794 et
869 2731 1157 2815 quietam
1210 2729 1631 2794 clamanciam
1675 2749 1837 2812 quas
1866 2727 2200 2792 Walterus
2245 2726 2324 2791 de
2370 2727 2539 2792 Hes-

252 2816 525 2894 lertona,
553 2817 880 2882 Dominus
922 2817 1005 2882 de
1055 2817 1242 2895 Dale,
1272 2817 1445 2882 filius
1497 2823 1566 2881 et
1610 2816 1814 2881 haeres
1858 2816 1906 2881 J
1908 2814 2182 2880 ohannis
2227 2813 2308 2878 de
2351 2813 2541 2879 West

258 2902 651 2968 Heslertona
697 2910 765 2969 et
815 2904 1229 2984 Elizabethae,
1280 2904 1504 2968 uxoris
1563 2903 1723 2987 ejuS,
1765 2953 1780 2968 .
1827 2953 1843 2968 .
1889 2953 1903 2966 .
1952 2902 2110 2966 fecit
2167 2900 2415 2966 Abbati
2473 2907 2540 2966 et

256 2991 593 3055 monachis
645 2992 972 3075 praedictis
1023 2991 1106 3056 de
1156 2989 1436 3076 quodam
1491 3011 1710 3056 annuo
1761 2989 2022 3055 redditu
2067 2987 2304 3072 viginti
2349 2987 2540 3052 solid-

254 3097 445 3141 orum
472 3078 543 3141 in
567 3077 757 3144 West
786 3078 1177 3143 Heslertona
1200 3078 1473 3162 z—-[Nos
1502 3083 1721 3142 autem
1752 3077 1901 3160 etc.]
1926 3083 2098 3141 ratas
2128 3076 2443 3140 habentes
2473 3081 2541 3140 et

252 3170 487 3248 gratas,
531 3186 648 3249 pro
691 3166 879 3230 nobis
925 3173 993 3230 et
1030 3165 1394 3230 haeredibus
1422 3165 1681 3242 nostris,
1709 3177 2029 3249 quantum
2073 3164 2146 3228 in
2189 3163 2377 3227 nobis
2422 3169 2540 3240 est,

252 3250 512 3316 dilectis
544 3253 731 3316 nobis
761 3253 833 3316 in
880 3252 1142 3318 Christo
1180 3252 1535 3328 willelme,
1563 3271 1739 3315 nunc
1768 3250 2031 3327 Abbati,
2061 3256 2126 3316 et
2171 3249 2541 3315 Conventui

252 3336 547 3423 ejusdem
577 3339 704 3405 loci
756 3340 839 3404 de
881 3339 1191 3416 Rievalle,
1221 3353 1289 3405 et
1332 3359 1555 3404 eorum
1605 3338 2098 3414 successoribuS,
2126 3337 2538 3402 concedimus

253 3432 325 3489 et
366 3426 841 3504 confirmammz,
871 3427 1043 3492 sicut
1086 3433 1278 3492 cartae
1322 3432 1392 3491 et
1434 3426 1678 3510 scripta
1719 3425 2028 3509 praedicta
2069 3424 2540 3489 rationabiliter

252 3519 600 3591 testantur,
630 3521 699 3578 et
739 3519 937 3597 prout
978 3514 1178 3578 iidem
1207 3513 1431 3578 Abbas
1476 3521 1546 3578 et
1589 3513 1963 3578 Conventus
2005 3517 2206 3575 terras
2247 3518 2316 3575 et
2359 3517 2536 3576 tene-

252 3605 480 3663 menta
528 3601 840 3685 praedicta
895 3601 1087 3665 modo
1145 3606 1391 3678 tenent,
1448 3600 1706 3685 ipsique
1765 3607 1832 3664 et
1889 3598 2380 3685 praedecessores
2433 3599 2536 3662 sui

253 3685 573 3752 hactenus
624 3688 1098 3753 rationabiliter
1139 3694 1509 3752 tenuerunt.
1600 3687 1685 3751 In
1742 3687 1845 3770 cuj
1853 3706 1928 3750 us
1985 3686 2080 3750 rei
2137 3691 2256 3751 etc.
2345 3685 2536 3750 Teste

254 3773 467 3856 Rege3
509 3774 688 3860 apud
717 3775 1131 3852 Wodestoke,
1161 3776 1371 3840 xxviii
1399 3775 1505 3840 die
1534 3775 1582 3839 J
1582 3793 1742 3838 unu

342 3859 469 3926 Per
494 3862 883 3946 petitionem
913 3863 993 3927 de
1024 3861 1197 3928 cons’
1228 3868 1297 3927 et
1324 3863 1525 3927 finem
1555 3859 1840 3926 dimidiae
1868 3879 2114 3925 marcae.

243 4209 318 4295 P*
338 4122 825 4294 (ἐθξέιξέῗῐῌ.
856 4123 983 4188 Pro
1000 4122 1259 4188 Abbate
1278 4121 1359 4186 de
1378 4121 1671 4188 Rievalle
1690 4121 1955 4209 [Patent
1973 4119 2174 4197 Rolls,
2197 4125 2233 4183 3
2257 4119 2438 4184 Rich.
2463 4133 2534 4184 11.

337 4297 481 4361 Rex
538 4297 840 4363 omnibus
897 4297 981 4362 ad
1039 4316 1202 4381 quos
1254 4345 1270 4360 .
1322 4345 1337 4360 .
1391 4347 1406 4360 .
1463 4296 1881 4381 Inspeximus
1953 4303 2198 4358 cartam
2263 4293 2535 4358 Domini

246 4383 573 4462 Edwardi,
622 4405 831 4468 nuper
886 4384 1079 4470 Regis
1136 4381 1412 4467 Angliae,
1458 4384 1568 4448 avi
1617 4383 1842 4462 nostri,
1887 4381 1960 4446 in
2015 4381 2156 4445 haec
2211 4379 2408 4444 verba
2429 4404 2534 4446 :—

244 4470 625 4548 Edwardus‚
648 4472 728 4536 D.
750 4472 824 4537 G.
850 4471 992 4536 Rex
1015 4470 1290 4555 Angliae,
1318 4520 1332 4535 .
1374 4521 1387 4534 .
1428 4520 1441 4534 .
1492 4469 2022 4553 Archiepiscopi3‚
2063 4519 2076 4532 .
2117 4517 2132 4532 .
2179 4517 2192 4531 .
2240 4466 2534 4532 salutem.
