3075 5009
567 511 693 570 220
1220 519 1696 569 GARTULARmM
1726 519 2189 568 RvaLmNsn.

565 679 808 745 Gratiae
836 679 917 744 de
946 678 1315 762 Bordelby‚¹
1346 675 1641 762 praedicti
1671 678 1890 743 Abbas
1919 686 1988 742 et
2026 677 2404 742 Conventus
2447 683 2516 741 et
2557 675 2858 760 praedicti

566 768 749 831 Prior
776 772 845 832 et
874 766 1249 832 Conventus
1266 766 1697 831 amicabiliter
1718 765 2088 830 concordati
2117 773 2272 830 sunt
2286 764 2358 828 in
2376 764 2554 828 hunc
2583 764 2856 829 modum

564 853 863 931 -videL‚
892 852 1067 938 quod
1095 853 1443 937 praedictus
1465 853 1692 918 Abbas
1714 859 1782 918 et
1812 852 2188 916 Conventus
2213 851 2526 916 Rievallis
2552 851 2856 916 relaxent

563 962 680 1026 pro
739 962 809 1006 se
859 945 928 1005 et
984 940 1460 1005 successoribus
1517 940 1653 1004 suis
1713 939 2038 1024 praedictis
2096 939 2304 1003 Priori
2362 946 2430 1002 et
2482 938 2856 1003 Conventui

562 1030 817 1092 Domus
861 1027 1110 1092 Montis
1140 1027 1385 1092 Gratiae
1413 1035 1482 1092 et
1510 1027 1986 1092 successoribus
2029 1027 2167 1090 suis
2211 1033 2428 1090 totum
2463 1026 2575 1108 jus
2617 1033 2686 1090 et
2729 1025 2856 1088 cla·

564 1116 771 1180 mium
799 1115 975 1198 quod
1018 1115 1261 1179 habent
1290 1114 1397 1179 vel
1431 1114 1670 1179 habere
1713 1118 2021 1197 poterunt
2047 1113 2120 1175 in
2165 1114 2461 1177 futurum
2490 1113 2561 1176 in
2609 1111 2747 1177 solo
2787 1119 2858 1176 et

562 1204 933 1268 communia
984 1209 1267 1285 pasturae
1317 1201 1399 1265 de
1450 1201 1778 1284 Bordelby
1807 1200 2132 1284 praedicta,
2163 1199 2414 1264 ratione
2467 1199 2856 1264 communiae

562 1289 885 1374 praedictae
915 1309 1030 1373 pro
1067 1308 1198 1372 qua
1242 1289 1507 1373 quidem
1551 1289 1948 1352 relaxatione
1987 1286 2282 1372 praedicti
2335 1286 2520 1350 Prior
2570 1292 2638 1350 et
2681 1287 2856 1350 Gon-

561 1381 816 1454 ventus,
859 1381 929 1440 et
970 1395 1365 1440 successores
1411 1375 1533 1458 sui,
1581 1375 1839 1440 solvent
1881 1375 2223 1439 annuatim
2264 1372 2572 1458 praedicto
2601 1374 2854 1437 Abbati

561 1470 629 1528 et
676 1463 1045 1528 Conventui
1082 1469 1149 1527 et
1189 1483 1413 1527 eorum
1456 1462 1932 1527 successoribus
1975 1462 2047 1525 in
2077 1468 2464 1545 perpetuum
2493 1460 2855 1525 octodecim

564 1551 856 1615 denarios
916 1551 999 1614 ad
1052 1549 1291 1614 festum
1352 1548 1813 1615 Pentecostes.²
1928 1549 2018 1613 Et
2063 1550 2121 1612 si
2166 1547 2513 1632 praedictus
2555 1547 2851 1612 redditus

560 1637 917 1702 octodecim
940 1636 1349 1701 denariorum
1372 1658 1413 1701 a
1439 1642 1610 1701 retro
1633 1637 1831 1701 fuerit
1861 1637 1930 1699 in
1953 1635 2175 1718 aliquo
2197 1655 2368 1700 anno
2390 1635 2475 1698 ad
2497 1635 2853 1700 terminum

559 1725 946 1808 praedictum
978 1725 1412 1801 Pentecostes,
1441 1724 1618 1807 quod
1649 1732 1808 1789 tunc
1837 1724 2002 1787 bene
2042 1723 2236 1786 liceat
2265 1721 2573 1806 praedicto
2602 1722 2852 1786 Abbati

560 1819 630 1877 et
672 1811 1042 1876 Conventui
1087 1811 1416 1888 Rievallis,
1450 1819 1517 1876 et
1560 1831 1784 1875 eorum
1828 1810 2321 1886 successoribus,
2350 1810 2422 1873 in
2451 1809 2740 1873 dominio
2769 1809 2854 1873 de

562 1898 888 1980 Boi-delby
919 1898 1303 1981 distringere
1348 1906 1416 1962 et
1458 1897 1896 1962 districtiones
1939 1897 2218 1961 retinere
2245 1916 2587 1980 quousque
2632 1896 2726 1960 eis
2771 1895 2855 1960 de

560 1985 870 2070 praedicto
885 1982 912 2022 ⁸
934 1984 1211 2062 redditu,
1234 1990 1300 2048 et
1328 1985 1409 2050 de
1433 1985 1788 2070 arreragiis,
1809 1985 1868 2048 si
1890 2005 2036 2068 quae
2055 1984 2318 2061 fuerint,
2341 1983 2630 2066 plenarie
2653 1983 2856 2048 fuerit

560 2072 985 2137 satisfactum.
1061 2071 1147 2135 In
1168 2072 1355 2155 cujus
1376 2072 1469 2137 rei
1490 2072 1941 2137 testimonium
1969 2077 2186 2156 partes
2209 2069 2535 2154 praedictae
2555 2071 2854 2152 partibus

559 2159 792 2223 harum
835 2159 1328 2224 indenturarum
1372 2159 1588 2243 sigilla
1625 2159 1997 2223 communia
2039 2157 2400 2223 Domorum
2443 2177 2707 2221 suarum
2737 2177 2856 2240 ap-

561 2252 934 2330 posuerunt.
1024 2247 1273 2310 Datum
1295 2247 1470 2330 apud
1501 2246 1862 2310 Rievallem
1887 2245 2194 2310 vicesimo
2225 2249 2455 2329 quarto
2486 2242 2592 2308 die
2622 2244 2858 2308 Martii

560 2334 653 2505 ἓν
682 2333 865 2506 regini
908 2334 1100 2418 Regis
1146 2333 1417 2398 Henrici
1448 2335 1668 2418 quarti
1709 2340 1859 2417 post
1903 2333 2351 2416 Conquestum
2380 2331 2641 2415 Angliae
2665 2337 2858 2396 sexto

223 2641 537 2702 com-maon
655 2633 1003 2698 CCCXIV.
1039 2633 1177 2717 [vii.
1216 2630 1366 2715 134]
1401 2630 1744 2708 Radulfus,
1775 2631 1977 2707 Prior,
2007 2637 2075 2695 et
2119 2629 2497 2695 Conventus
2540 2629 2853 2696 Dunelm.

224 2693 529 2795 ἷέαὼοῗζὶἓῖ
569 2720 875 2785 Ecclesiae
891 2721 918 2759 ⁴
948 2769 962 2784 .
993 2769 1007 2784 .
1041 2770 1056 2785 .
1092 2720 1367 2784 Noverit
1389 2719 1781 2784 universitas
1803 2725 2022 2782 vestra
2042 2737 2160 2782 nos
2190 2724 2400 2781 ratam
2428 2717 2668 2782 habere
2697 2737 2857 2783 con-

223 2794 549 2888 ἓιξὲἔῖἓζέιῗ
569 2807 924 2872 cessionem
976 2812 1043 2871 et
1088 2806 1646 2872 confirmationem
1697 2825 1896 2889 quam
1946 2804 2358 2869 Venerabilis
2402 2811 2590 2887 pater
2632 2811 2860 2870 noster

223 2856 544 2988 333¹ng
570 2893 1283 2978 R[icardus]‚Dune1m.
1306 2893 1687 2978 Episcopus,
1708 2891 1980 2956 Domini
2001 2892 2196 2976 Regis
2215 2891 2674 2971 cancellarius,
2695 2892 2862 2957 fecit

222 2998 430 3048 cmo-bv.
568 2981 814 3045 Abbati
836 2980 1150 3045 Rievallis
1180 2980 1260 3046 de
1285 2981 1584 3045 Crossebi
1611 2980 1683 3044 in
1701 2979 2211 3056 Alvertonshire,
2235 2999 2386 3043 cum
2415 2978 2862 3061 pertinenciiS,

223 3049 399 3098 ⁰⁰m·
420 3048 505 3090 ⁰¹²⁰·
564 3068 637 3131 in
668 3088 799 3152 qua
827 3075 983 3132 sunt
1012 3073 1143 3133 tres
1173 3074 1487 3132 carucatae
1516 3075 1722 3145 terrae,
1751 3074 1817 3132 et
1847 3066 1928 3131 de
1958 3073 2096 3131 tota
2127 3066 2406 3130 Cottona
2435 3067 2508 3128 in
2537 3086 2667 3150 qua
2699 3077 2864 3132 sunt

565 3155 712 3219 aliae
755 3163 887 3220 tres
932 3160 1245 3219 carucatae
1274 3163 1478 3232 terrae,
1526 3163 1594 3219 et
1624 3154 1705 3219 de
1735 3161 2014 3238 quatuor
2040 3153 2205 3217 acris
2251 3159 2320 3218 et
2361 3172 2496 3216 una
2537 3153 2864 3236 perticata

564 3248 751 3306 terrae
777 3241 850 3305 in
880 3241 1265 3318 Tornetune‚
1288 3248 1477 3306 terrae
1498 3241 1778 3318 arabilis,
1797 3261 1947 3305 cum
1966 3240 2268 3305 omnibus
2291 3239 2713 3324 pertinenciis
2745 3291 2761 3307 .
2797 3293 2810 3305 .
2843 3292 2858 3307 .

562 3337 834 3413 excepto
874 3335 1059 3412 prato
1086 3328 1427 3395 dominico
1478 3328 1561 3394 de
1613 3327 1947 3408 Orossebi3
1990 3326 2166 3413 quod
2208 3326 2618 3392 Venerabilis
2671 3335 2865 3412 pater

565 3421 785 3480 noster
812 3417 885 3480 in
915 3436 1113 3480 manu
1143 3437 1262 3481 sua
1289 3416 1577 3482 retinuit.
1669 3415 1862 3479 Hanc
1892 3423 2112 3479 autem
2157 3413 2716 3479 confirmationem
2762 3417 2860 3480 eis

565 3503 839 3570 fecimus
882 3503 1062 3567 salvo
1099 3505 1248 3587 jure
1293 3503 1582 3568 ecclesiae
1611 3511 1850 3567 nostrae
1882 3502 1960 3567 de
1991 3501 2330 3578 Alverton,
2359 3507 2428 3566 et
2455 3501 2746 3567 ecclesiae
2775 3502 2859 3567 de

566 3591 711 3668 Lec,
754 3590 935 3656 salvo
972 3591 1120 3674 jure
1163 3640 1179 3655 .
1224 3640 1239 3654 .
1288 3590 1331 3656 ,⁵
1375 3591 1464 3654 Et
1491 3591 1562 3654 in
1595 3591 1792 3673 hujus
1823 3591 1918 3654 rei
1947 3588 2397 3654 testimonium
2427 3587 2583 3653 huic
2611 3589 2864 3674 scripto

566 3677 857 3763 sigillum
887 3676 1177 3763 Capituli
1206 3678 1411 3743 nostri
1441 3677 1879 3762 apposuimus,

632 3876 651 3909 ¹
684 3877 742 3928 It
773 3876 889 3928 will
919 3877 987 3928 be
1024 3876 1389 3928 remembered
1428 3877 1555 3928 that
1592 3877 1649 3927 in
1763 3873 2058 3926 numbered
2126 3887 2305 3937 com,
2375 3874 2528 3935 with,
2587 3875 2856 3938 however,

564 3942 668 3994 No.
695 3956 1015 3994 ocnxxml.
1042 3942 1151 3994 and
1184 3943 1459 4009 following
1486 3941 1651 3992 deeds
1764 3955 1910 3990 some
1947 3939 2245 3991 variationis
2283 3941 2342 3990 in
2381 3939 2474 3990 the
2513 3940 2714 4006 aequal.
2802 3941 2860 3992 It

564 4023 658 4059 aro
694 4008 896 4060 notioes
933 4008 991 4058 of
1033 4009 1326 4060 successive
1432 4013 1556 4058 ants
1594 4007 1652 4056 in
1765 4005 1878 4055 will
1920 4005 1987 4056 be
2032 4005 2292 4056 obser-ved
2333 4004 2447 4055 also
2491 4005 2617 4056 that
2659 4007 2720 4056 in
2763 4007 2859 4058 the

566 4073 762 4124 Harlse
820 4073 928 4124 and
950 4073 1237 4140 Bordelby,
1393 4090 1423 4124 e
1445 4077 1505 4124 to
1526 4072 1649 4123 Rie-
1763 4075 1983 4138 present
2005 4070 2292 4122 document
2311 4070 2514 4138 Bishop
2535 4070 2779 4122 Richard
2811 4073 2860 4122 is

567 4138 731 4189 vaulx
804 4155 841 4204 y
879 4137 1129 4190 different
1165 4139 1429 4189 membcrs
1461 4137 1519 4189 of
1557 4138 1652 4188 the
1765 4136 1977 4198 named,
2019 4137 2259 4188 whereas
2297 4137 2354 4186 in
2386 4135 2490 4187 No.
2529 4149 2685 4188 σακε..
2727 4137 2776 4188 it
2809 4138 2857 4187 is

568 4203 801 4256 Lascells
842 4203 1048 4270 family,
1090 4203 1199 4255 and
1236 4204 1361 4255 that
1394 4204 1487 4255 the
1522 4203 1650 4254 last-
1765 4202 1969 4268 Bishop
2003 4201 2187 4268 Hugh,
2212 4201 2321 4252 and
2353 4200 2488 4251 with
2521 4216 2556 4251 a
2587 4201 2858 4252 reference

568 4269 758 4320 named
812 4269 913 4320 vill
954 4269 1231 4320 furnished
1276 4271 1370 4322 the
1412 4271 1517 4320 site
1568 4269 1652 4318 for
1767 4272 1826 4317 to
1869 4267 1964 4318 the
2001 4267 2180 4317 action
2213 4266 2271 4316 of
2311 4281 2381 4316 an
2419 4265 2612 4317 earlier
2655 4267 2858 4333 Biahop

570 4335 765 4386 Mount
785 4335 971 4387 Gracc.
1767 4331 1896 4382 still.
1969 4331 2068 4383 See
2123 4331 2226 4383 No.
2273 4343 2537 4393 oooxvn„
2585 4331 2766 4383 which
2810 4333 2859 4383 is

634 4399 656 4432 ⁸
687 4400 1029 4453 Pentecosten.
1767 4413 1830 4448 co
1867 4413 1906 4462 y
1927 4395 1984 4446 of
2003 4396 2098 4447 the
2119 4395 2237 4446 said
2259 4397 2504 4463 Bishop’s
2523 4395 2755 4448 charter.

632 4466 655 4499 ³
687 4465 979 4518 Proedictie.
1888 4461 2002 4512 Tho
2029 4462 2248 4528 writing
2279 4463 2405 4513 here
2443 4463 2491 4512 is
2521 4463 2676 4528 quito
2707 4461 2858 4529 illeg-

635 4530 658 4562 ⁴
690 4531 819 4582 This
856 4532 905 4582 is
941 4548 974 4582 a
1014 4529 1219 4582 similar
1255 4529 1391 4581 deod
1431 4535 1490 4580 to
1529 4529 1654 4580 that
1768 4527 1896 4580 ible.
