3075 5009
871 534 1346 585 GABTULARIUM
1375 534 1840 585 RIEVALLENSB.
2415 523 2492 584 81

224 692 341 757 filii
370 694 516 771 mei,
546 702 616 758 et
644 688 917 759 aliorum
963 693 1247 758 filiorum
1293 714 1600 770 meorum,
1643 701 1849 758 totam
1879 700 2117 758 terram
2156 693 2238 759 de
2279 693 2506 759 Houe··

223 780 404 845 tona¹
432 782 610 846 inter
636 780 979 845 Redofram
1008 790 1079 846 et
1119 781 1399 846 Kirkebi
1442 802 1525 846 ex
1570 780 1838 845 australi
1881 788 2062 865 parte
2106 781 2300 857 bosci,
2330 781 2500 845 sicut

226 888 361 933 eam
391 874 746 933 tenuerunt
773 868 1105 944 hactenus,
1133 874 1269 932 tam
1310 868 1381 931 in
1412 868 1600 932 terris
1630 868 1826 933 cultis
1856 888 2050 952 quam
2082 866 2154 931 in
2197 868 2402 952 pratis
2432 875 2500 933 et

224 954 754 1038 pasturis—scil„
782 955 953 1019 sicut
982 954 1193 1019 divisa
1213 956 1390 1039 jacet
1431 955 1607 1020 inter
1632 962 1837 1020 terras
1867 953 2080 1019 cultas
2108 954 2192 1019 de
2220 954 2503 1019 Kirkebi

224 1048 289 1107 et
314 1042 394 1107 de
428 1042 793 1118 Houetona,
837 1048 906 1106 et
945 1042 1131 1107 vadit
1174 1063 1380 1126 usque
1422 1043 1495 1106 in
1536 1062 1839 1127 magnam
1868 1041 2042 1105 viam
2087 1062 2216 1125 qua
2259 1042 2394 1105 itur
2422 1042 2506 1107 de

224 1128 498 1193 Kirkebi
528 1130 612 1193 ad
654 1128 1087 1211 Houetonam,
1120 1136 1187 1194 et
1214 1129 1369 1194 inde
1410 1129 1582 1194 sicut
1625 1137 1814 1193 rectae
1858 1128 2081 1193 divisae
2109 1128 2360 1193 vadunt
2388 1146 2507 1211 per

226 1216 579 1281 Hovelund
620 1236 827 1299 usque
867 1215 952 1279 ad
994 1215 1291 1293 Balbusc,
1331 1222 1399 1280 et
1438 1216 1596 1281 inde
1637 1236 1843 1300 usque
1887 1214 1970 1278 ad
1998 1216 2320 1297 Aicwath‚
2352 1235 2502 1279 cum

223 1303 266 1368 J
268 1302 660 1379 ukeleholm‚
708 1310 775 1367 et
823 1302 999 1368 ultra
1047 1303 1389 1367 Redosram
1448 1314 1675 1367 contra
1733 1302 2100 1387 aquilonem
2286 1323 2366 1368 ue
2418 1302 2500 1365 ad

222 1390 493 1473 primam
568 1389 808 1454 vallem
852 1410 999 1473 quae
1057 1389 1274 1454 tendit
1317 1396 1540 1455 contra
1598 1391 1911 1454 orientem
1969 1390 2052 1453 ab
2109 1391 2258 1473 aqu'
2291 1388 2507 1453 onali²

224 1486 399 1561 parte
449 1476 739 1542 ecclesiae
782 1476 865 1541 de
923 1476 1301 1552 Kirkedala,
1344 1483 1413 1542 et
1462 1476 1618 1541 inde
1670 1478 1741 1540 in
1784 1477 1974 1541 bosco
2023 1496 2139 1559 per
2187 1480 2395 1541 metas
2435 1482 2504 1540 et

225 1562 461 1628 divisas
492 1584 657 1647 quas
704 1584 821 1649 ego
864 1563 1309 1647 perambulavi
1352 1584 1501 1627 cum
1548 1564 1920 1628 hominibus
1963 1563 2144 1639 meis,
2173 1584 2380 1647 usque
2419 1563 2501 1626 ad

224 1651 645 1735 supercilium
674 1650 867 1715 vallis
897 1650 1274 1727 Suavedala,
1303 1670 1451 1734 quse
1478 1658 1579 1716 est
1621 1650 1794 1715 inter
1823 1650 2203 1715 Westwith⁸
2231 1660 2297 1714 et
2325 1670 2504 1734 mag·

225 1758 378 1801 num
429 1744 685 1802 sas-tum
737 1736 1217 1813 monachorum,
1247 1741 1315 1801 et
1361 1757 1477 1821 per
1503 1737 1881 1801 orientalem
1931 1744 2184 1821 partem
2213 1736 2503 1820 ejusdem

224 1824 378 1889 sarti
396 1832 581 1889 trans
598 1823 877 1889 mediam
895 1824 1105 1907 ipsam
1114 1823 1354 1888 vallem
1372 1844 1582 1908 usque
1599 1824 1682 1888 ad
1698 1831 1901 1888 ten-as
1918 1824 2128 1888 cultas
2145 1844 2262 1908 per
2277 1824 2504 1887 horam

224 1910 395 1976 bosci
424 1911 506 1975 de
554 1910 903 1975 Westwith
950 1931 1156 1995 usque
1206 1910 1291 1975 ad
1341 1911 1686 1996 praedictas
1731 1911 1973 1975 divisas
2021 1912 2192 1976 inter
2219 1909 2504 1975 Kirkebi

224 2006 287 2061 et
316 1999 751 2063 Houetonam.
840 1997 1157 2063 Praeterea
1176 1998 1460 2063 concessi
1483 1997 1726 2062 eisdem
1753 1998 2086 2062 monachis
2117 2004 2184 2062 et
2211 2048 2226 2062 .
2258 2048 2272 2061 .
2306 2047 2321 2062 .
2350 2018 2505 2062 con·

225 2086 487 2163 firmavi,
510 2084 815 2149 similiter
836 2104 1145 2149 concessu
1174 2084 1513 2161 Willelmi,
1530 2084 1652 2148 filii
1674 2085 1821 2161 mei,
1845 2091 1908 2149 et
1932 2083 2206 2149 aliorum
2224 2084 2504 2148 filiorum

226 2191 531 2249 meorum,
548 2172 621 2235 in
650 2220 665 2237 .
698 2221 712 2235 .
744 2222 759 2235 .
784 2180 1161 2255 perpetuam
1192 2169 1627 2248 elemosinam,
1645 2177 1851 2236 totam
1880 2178 2120 2235 terram
2149 2170 2230 2235 de
2259 2169 2503 2235 Welle-

226 2258 425 2324 burna
478 2278 631 2343 quae
682 2258 812 2321 fuit
851 2258 930 2323 de
975 2258 1121 2341 jure
1172 2277 1317 2322 meo
1362 2264 1430 2321 et
1480 2266 1956 2323 antecessorum
2001 2277 2310 2333 meorum,
2349 2278 2500 2321 cum

228 2346 522 2411 omnibus
561 2394 576 2409 .
624 2395 639 2408 .
686 2394 701 2409 .
744 2344 899 2423 scil„
944 2366 1059 2429 per
1104 2365 1340 2430 aquam
1390 2344 1471 2409 de
1518 2344 1795 2409 Redofra
1834 2364 2058 2410 versus
2102 2344 2502 2409 occidentem

228 2452 265 2495 a
290 2453 471 2499 sursa
515 2452 639 2497 sua
682 2431 855 2497 sicut
896 2432 1081 2496 vadit
1123 2452 1240 2516 per
1283 2434 1803 2516 Bercugerestan‚
1854 2440 1920 2495 et
1968 2431 2139 2495 sicut
2167 2430 2503 2495 descendit

226 2539 425 2603 usque
454 2540 684 2584 versus
713 2518 1146 2589 Bulesordam,
1176 2527 1495 2603 quantum
1526 2527 1696 2583 terra
1723 2518 1805 2583 de
1831 2518 2250 2583 Welleburna
2289 2518 2504 2595 durat,

228 2614 290 2671 et
315 2607 466 2672 inde
511 2614 837 2690 quantum
880 2612 1052 2671 terra
1090 2606 1170 2670 de
1224 2604 1643 2671 Welleburna
1688 2605 1918 2686 durat3
1968 2611 2035 2669 et
2079 2605 2164 2669 ab
2205 2605 2498 2669 occiden-

226 2693 337 2757 tali
365 2700 551 2777 parte
580 2692 663 2757 de
692 2692 1115 2757 Welleburna
1136 2694 1306 2757 sicut
1326 2692 1598 2776 Fragate
1626 2693 1810 2757 vadit
1831 2692 2060 2756 subtus
2079 2692 2268 2756 Lund
2296 2712 2504 2776 usque

226 2778 293 2843 in
318 2782 493 2845 viam
537 2780 621 2845 de
664 2777 1181 2867 Wimbelt[ona]‚
1229 2786 1298 2843 et
1342 2779 1495 2844 inde
1547 2780 1718 2844 sicut
1763 2779 1905 2863 ipsa
1946 2778 2058 2843 via
2100 2779 2284 2843 vadit
2330 2780 2506 2843 inter

226 2866 483 2931 boscum
513 2868 598 2931 de
626 2866 1025 2931 Wimbelton
1053 2874 1120 2932 et
1149 2866 1339 2931 Lund
1367 2886 1574 2950 usque
1605 2866 1688 2930 ad
1717 2866 2027 2950 Tungam,
2056 2875 2124 2930 et
2149 2866 2303 2931 inde
2331 2865 2502 2930 sicut

228 2953 445 3019 divisae
496 2955 675 3019 inter
722 2954 1131 3019 Wimbeltun
1178 2960 1245 3019 et
1290 2952 1775 3017 welleburnam
1821 2953 2104 3017 tendunt
2161 2974 2368 3037 usque
2419 2953 2502 3017 ad

228 3040 611 3125 Mapelbusc
663 3047 729 3105 et
756 3040 1036 3105 Loccum
1065 3048 1133 3105 et
1165 3040 1429 3116 Slecte3‚
1459 3048 1526 3104 et
1557 3040 1710 3104 inde
1741 3040 1912 3104 sicut
1953 3040 2179 3104 divisae
2222 3039 2506 3104 tendunt

230 3148 425 3213 usque
453 3128 538 3193 ad
570 3128 923 3213 Langeran,
946 3134 1013 3192 et
1033 3126 1186 3191 inde
1209 3146 1414 3210 usque
1437 3127 1518 3192 ad
1540 3126 1902 3212 Apelgarth
1925 3148 2129 3211 usque
2152 3126 2234 3191 ad
2265 3127 2508 3191 divisas

231 3214 305 3279 de
362 3214 691 3280 Clifland:
748 3235 831 3279 ex
866 3220 1051 3297 parte
1100 3213 1458 3277 meridiana
1502 3215 1674 3278 sicut
1702 3214 1811 3278 via
1852 3213 2038 3278 vadit
2083 3215 2256 3278 inter
2299 3214 2505 3277 Wim·

232 3300 441 3365 belton
486 3310 557 3366 et
590 3302 1081 3366 Welleburnam
1124 3320 1331 3385 usque
1369 3300 1763 3377 Midelhirst‚
1793 3308 1860 3364 et
1903 3300 1984 3365 ab
2028 3300 2296 3365 australi
2325 3307 2508 3386 parte

230 3386 305 3452 de
332 3387 711 3453 Midelhirst
739 3389 908 3453 sicut
936 3386 1127 3452 vallis
1157 3386 1397 3451 dividit
1425 3388 1602 3452 inter
1631 3396 1874 3452 certam
1903 3395 2142 3452 terram
2171 3393 2238 3453 et
2267 3408 2505 3452 mares-

232 3474 419 3540 chum
464 3494 677 3560 usque
718 3474 1032 3552 Stodfald‚
1062 3482 1130 3539 et
1174 3474 1329 3539 inde
1373 3482 1551 3539 recta
1591 3475 1765 3539 linea
1792 3494 2016 3540 versus
2056 3475 2259 3538 Holm
2300 3496 2505 3559 usque

230 3624 352 3675 wisa
371 3640 483 3677 wne
502 3624 604 3675 the
624 3624 889 3691 grantor’e
904 3622 1023 3675 fint
1037 3622 1181 3685 wife,
1200 3621 1310 3674 and
1486 3622 1509 3655 ²
1540 3622 1783 3675 Written
1813 3623 2130 3688 aquinozani.
2216 3623 2331 3673 The
2366 3622 2507 3674 divi-

231 3688 318 3740 the
328 3689 540 3741 mother
554 3688 615 3739 of
628 3689 725 3740 the
748 3688 989 3739 william
1006 3688 1311 3740 mentioned
1421 3687 1593 3739 sional
1659 3688 1868 3739 feature
1933 3688 2060 3739 here
2112 3686 2304 3739 named
2359 3688 2508 3755 gives

232 3752 283 3804 in
322 3755 415 3807 the
459 3754 617 3806 deod.
712 3752 823 3805 But
865 3770 937 3805 no
980 3753 1174 3805 details
1218 3770 1310 3804 are
1421 3769 1568 3805 some
1606 3752 1772 3820 slight
1813 3754 2026 3805 further
2067 3753 2186 3804 clue
2221 3770 2282 3805 as
2315 3757 2373 3805 to
2409 3753 2507 3805 the

232 3819 381 3885 given
401 3836 461 3872 as
482 3826 545 3872 to
566 3819 665 3871 the
687 3818 844 3870 other
873 3836 998 3870 eom
1030 3819 1143 3870 also
1162 3834 1309 3869 men-
1422 3819 1655 3885 position
1677 3819 1733 3871 of
1753 3818 2021 3869 Honeton.

232 3886 439 3947 tioned;
472 3902 593 3947 nor,
636 3890 733 3936 ont
771 3884 828 3935 of
864 3884 959 3936 the
995 3884 1117 3935 four
1153 3884 1311 3935 other
1486 3885 1509 3916 ⁸
1540 3884 1655 3935 The
1693 3884 1958 3949 difficulty
1989 3884 2143 3935 there
2177 3885 2327 3935 often
2366 3884 2414 3934 is
2451 3885 2508 3935 in

234 3950 541 4003 smtevillea
576 3950 701 4001 who
753 3965 845 4000 are
862 3950 869 3957 '
887 3949 1207 4017 signator-ies
1250 3954 1309 4001 to
1422 3948 1843 4016 distinguishing
1863 3948 2108 4000 between
2130 3956 2151 3999 t
2170 3948 2278 4000 and
2297 3948 2393 4000 cin
2415 3949 2512 3999 the

232 4014 322 4066 the
342 4021 521 4082 grant,
546 4016 597 4067 ie
618 4032 688 4067 an
749 4030 850 4066 one
870 4030 991 4066 reco
1068 4015 1079 4025 “
1142 4014 1231 4066 ble
1252 4030 1311 4066 as
1423 4013 1792 4081 handwriting
1811 4014 1868 4065 of
1890 4014 1986 4065 the
2007 4014 2136 4066 date
2156 4016 2215 4065 of
2236 4014 2350 4065 this
2371 4013 2510 4065 deed

236 4082 533 4133 mentioned
560 4082 620 4131 in
717 4097 749 4130 e
780 4080 895 4131 said
1038 4080 1195 4147 'gx-ee,
1219 4096 1310 4131 ex·
1422 4080 1602 4131 leaves
1643 4080 1692 4131 it
1723 4080 2006 4131 uncertain
2038 4080 2282 4131 whether
2313 4078 2426 4130 thie
2464 4080 2510 4131 is

236 4147 417 4263 3¹²?ss
429 4148 527 4264 ,ἓξ
550 4211 609 4264 οε
672 4145 1314 4263 “ffizffizuwssz
1423 4144 2146 4270 ἶᾼῖἶᾶζῖᾟιὲἑὲἒᾲξῖῗοῧ·
2165 4143 2515 4261 ιιιῗ““α3“ἐὲἷ

237 4273 444 4329 brother
462 4276 724 4330 osmund.
1428 4292 1657 4337 remove,
1684 4277 1778 4328 the
1815 4276 2174 4341 uncertainty.
2301 4274 2368 4324 he
2406 4280 2514 4325 ter·

1428 4342 1688 4392 minatiou
1705 4341 1852 4393 avida
1873 4341 1918 4391 is
1940 4340 2132 4406 hardly
2153 4344 2212 4391 to
2227 4339 2294 4390 be
2317 4339 2512 4390 looked

298 4404 317 4437 ¹
345 4407 457 4459 The
478 4407 903 4473 uncertaintyu
922 4410 983 4459 to
1004 4406 1098 4458 the
1112 4405 1317 4473 precise
1428 4406 1515 4458 for
1528 4408 1589 4457 in
1603 4406 1698 4458 the
1719 4406 1872 4473 place
1892 4406 1950 4456 in
1964 4406 2228 4473 question,
2253 4404 2361 4456 and
2377 4406 2516 4455 -amva

238 4468 381 4523 locali
466 4474 525 4525 οἱ
552 4473 667 4525 thi-
699 4473 849 4540 phce
882 4473 979 4524 hae
1010 4472 1144 4523 been
1169 4468 1320 4523 dealt
1429 4472 1606 4538 might
1626 4471 1693 4522 be
1725 4471 1983 4537 expected
2014 4471 2298 4537 anywhere
2331 4470 2386 4521 in
2419 4470 2516 4521 the

240 4535 363 4588 with
482 4554 568 4591 ve.
642 4538 741 4590 See
762 4554 816 4605 p.
838 4539 921 4591 38.
1430 4536 1710 4589 woodland
1733 4540 1898 4603 parts.

1347 4620 1387 4669 1¹·
