3075 5009
572 501 697 560 298
1224 511 1698 560 cAsrutAnmu
1727 511 2190 561 nlsvmnnsn.

570 669 1007 753 pertinenciis,
1028 668 1099 733 in
1122 669 1502 756 Angoteby:
1530 669 1967 734 Donationem
1997 720 2012 735 .
2043 719 2060 735 .
2092 718 2106 732 .
2138 689 2300 753 quas
2323 668 2649 734 Henricus
2671 669 2853 734 filius

572 755 833 822 Ricardi
850 757 930 820 de
946 756 1363 840 Hosegoteby
1383 807 1398 822 .
1418 807 1431 821 .
1458 807 1471 820 .
1494 758 1649 822 fecit
1663 757 1806 821 Deo
1823 807 1838 822 .
1857 808 1872 822 .
1893 807 1909 821 .
1928 757 2009 821 de
2025 756 2396 821 molendino
2413 776 2532 820 suo
2548 757 2856 840 aquatico

572 844 803 909 subtus
841 843 1209 922 Witecliffe,
1226 850 1293 908 et
1322 850 1461 908 tota
1482 850 1747 928 pastura
1763 865 1882 909 sua
1901 845 1972 908 in
1995 843 2328 920 Witecliff,
2350 864 2498 907 cum
2519 844 2855 928 pertinen-

570 931 725 996 ciis:
767 929 1205 995 Donationem
1233 980 1249 996 .
1282 979 1300 997 .
1330 979 1347 995 .
1380 951 1540 1014 quas
1572 931 1838 996 Beatrix
1859 931 1993 994 filia
2023 930 2257 1016 Rogeri
2286 930 2369 994 de
2395 931 2856 1014 Thurstaneby

571 1017 730 1082 fecit
756 1017 1001 1082 Abbati
1032 1025 1098 1082 et
1128 1018 1460 1083 monachis
1488 1018 1818 1103 praedictis
1846 1017 1929 1082 de
1957 1039 2090 1082 una
2133 1019 2370 1082 bovata
2395 1023 2584 1082 terrae
2625 1017 2700 1080 in
2731 1018 2858 1082 Os-

570 1105 827 1189 goteby,
845 1113 913 1169 et
928 1105 1091 1169 tofto
1121 1113 1189 1169 et
1219 1107 1421 1170 crofto
1444 1113 1511 1169 et
1533 1106 1680 1170 aliis
1701 1105 2118 1190 pertinenciis
2139 1105 2311 1169 suis:
2353 1104 2860 1169 Concessionem

572 1243 625 1256 ..
650 1242 664 1256 .
698 1211 859 1276 quas
876 1191 1119 1255 infirmi
1136 1193 1364 1257 fratres
1381 1193 1748 1276 Hospitalis
1779 1193 1840 1257 S.
1859 1192 2180 1268 Nicholai,
2198 1193 2385 1256 Ebor.
2408 1242 2424 1256 .
2458 1241 2472 1255 .
2503 1241 2519 1256 .
2553 1191 2856 1255 fecerunt

574 1279 716 1343 Deo
760 1327 775 1343 .
823 1327 838 1343 .
883 1326 900 1342 .
946 1279 1027 1343 de
1057 1279 1309 1344 duabus
1338 1280 1529 1344 terris
1559 1280 1696 1344 suis
1738 1280 1810 1343 in
1841 1278 2203 1362 Leirthorp,
2231 1299 2383 1342 cum
2411 1278 2859 1362 pertinenciis,

574 1387 850 1449 quarum
868 1386 1003 1429 una
1019 1375 1119 1430 est
1138 1375 1366 1430 contra
1386 1366 1746 1431 Ecclesiam
1771 1367 1830 1431 S.
1859 1367 2090 1430 Mariae
2119 1386 2346 1430 versus
2368 1365 2761 1449 aquilonem,
2785 1374 2858 1428 et

574 1454 705 1517 alia
730 1461 833 1517 est
862 1453 933 1516 in
962 1455 1071 1516 via
1099 1474 1246 1537 quae
1275 1462 1547 1517 vocatur
1589 1453 1980 1538 Sunnegail:
2005 1453 2028 1492 ²
2074 1453 2514 1517 Donationem
2545 1501 2558 1516 .
2593 1503 2606 1516 .
2639 1503 2653 1515 .
2685 1472 2855 1536 quas

576 1539 1019 1624 Rand[ulfus]‚
1052 1541 1254 1617 Prior,
1286 1547 1353 1604 et
1377 1541 1754 1605 Conventus
1775 1541 1836 1604 S.
1868 1540 2167 1616 Andreae,
2193 1541 2378 1603 Ebor.
2413 1590 2427 1604 .
2459 1589 2473 1604 .
2505 1589 2520 1604 .
2553 1538 2860 1603 fecerunt

575 1627 909 1691 monachis
938 1627 1265 1710 praedictis
1294 1628 1375 1692 de
1404 1634 1545 1692 tota
1565 1635 1735 1692 terra
1756 1649 1874 1692 sua
1897 1628 1977 1692 de
2000 1627 2359 1711 Lairthorp,
2381 1647 2528 1690 cum
2552 1626 2860 1690 domibus

576 1723 645 1779 et
675 1715 975 1779 omnibus
998 1716 1423 1799 pertinenciis
1458 1716 1634 1781 suis:
1666 1715 2164 1779 Concessionem
2195 1765 2210 1778 .
2241 1765 2255 1778 .
2289 1762 2303 1776 .
2337 1733 2498 1798 quas
2533 1713 2862 1797 Magister

578 1802 667 1866 W
710 1851 726 1868 .
771 1851 785 1866 .
832 1851 845 1866 .
891 1799 973 1865 de
1034 1801 1175 1865 Hot
1217 1851 1232 1865 .
1280 1852 1295 1866 .
1342 1853 1355 1866 .
1402 1803 1562 1866 fecit
1619 1803 1760 1866 Deo
1804 1851 1819 1866 .
1866 1853 1880 1866 .
1928 1852 1944 1866 .
1987 1801 2070 1866 de
2129 1801 2321 1865 domo
2381 1821 2578 1885 quam
2637 1801 2862 1865 tenuit

578 1889 659 1954 de
702 1889 797 1954 eis
840 1889 912 1952 in
956 1889 1322 1972 Lair-thorp,
1352 1909 1502 1953 cum
1546 1889 1732 1966 toste,
1767 1909 1915 1972 quae
1944 1887 2142 1952 habet
2184 1887 2612 1972 quadraginta
2655 1887 2860 1970 pedes

578 1977 651 2040 in
729 1975 1099 2051 latitudine,
1158 1983 1227 2040 et
1299 1976 1381 2040 de
1450 1975 1579 2040 alia
1657 1975 1864 2052 dom0‚
1923 1996 2074 2040 cum
2154 1977 2322 2039 tofto
2391 1975 2587 2057 juxta
2666 1975 2860 2038 illam

578 2063 903 2146 contigue,
982 2081 1130 2146 quae
1209 2062 1407 2127 habet
1498 2062 1734 2146 viginti
1809 2062 2006 2146 pedes
2087 2063 2159 2126 in
2239 2062 2608 2137 latitudine,
2701 2082 2861 2124 cum

578 2149 1036 2235 pertinenciis:
1110 2150 1549 2214 Donationem
1593 2199 1608 2214 .
1657 2199 1670 2213 .
1716 2201 1729 2214 .
1778 2171 1940 2233 quas
1999 2151 2278 2214 Thomas
2338 2149 2420 2213 de
2478 2148 2860 2232 Aslackeby

581 2289 596 2302 .
642 2287 657 2302 .
702 2287 719 2302 .
764 2237 923 2300 fecit
990 2237 1134 2300 Deo
1180 2288 1195 2303 .
1239 2286 1255 2301 .
1302 2287 1317 2302 .
1364 2237 1445 2301 de
1496 2257 1716 2300 annuo
1773 2237 2036 2300 redditu
2093 2236 2420 2301 sexdecim
2480 2235 2862 2310 solidorum,

580 2345 731 2389 cum
761 2324 1199 2408 pertinenciis,
1227 2324 1298 2387 in
1343 2324 1503 2388 villa
1547 2325 1759 2403 Ebor.,
1805 2323 1884 2387 de
1929 2323 2229 2388 domibus
2273 2323 2407 2386 illis
2451 2343 2615 2406 quas
2659 2321 2866 2405 Hugo

582 2413 663 2476 de
694 2411 928 2494 Seleby
958 2411 1039 2475 de
1091 2431 1166 2475 eo
1216 2412 1431 2475 tenuit
1481 2411 1555 2474 in
1605 2411 1795 2474 feodo
1839 2411 1922 2474 ad
1967 2411 2180 2495 capud
2223 2410 2442 2494 pontis
2471 2410 2553 2473 de
2597 2409 2760 2485 Usa,
2789 2411 2864 2472 in

582 2497 885 2580 parochia
930 2497 992 2561 S.
1024 2496 1402 2562 Michaelis:
1448 2499 1885 2562 Donationem
1931 2518 2088 2580 quas
2133 2497 2463 2561 Walterus
2505 2496 2870 2561 Aurifaber

585 2587 666 2651 de
717 2585 1111 2670 Hundegate
1162 2591 1229 2650 et
1276 2585 1537 2660 Muriel,
1588 2605 1753 2648 uxor
1805 2586 1964 2669 ejuS‚
2009 2635 2024 2650 .
2073 2634 2088 2649 .
2133 2634 2148 2649 .
2191 2584 2489 2648 fecerunt
2527 2585 2673 2648 Deo
2717 2633 2736 2647 .
2781 2633 2798 2648 .
2847 2634 2862 2648 .

584 2675 666 2738 de
695 2680 834 2737 tota
863 2680 1037 2736 terra
1058 2692 1191 2748 sua,
1215 2692 1364 2736 cum
1394 2672 1831 2756 pertinenciis,
1852 2673 1924 2735 in
1949 2671 2356 2756 Hundegate,
2379 2693 2526 2735 cum
2559 2671 2868 2734 omnibus

586 2760 877 2826 aedificiis
906 2771 973 2824 et
1003 2760 1302 2824 domibus
1344 2760 1415 2823 in
1461 2759 1688 2823 eadem
1731 2766 1904 2822 terra
1947 2759 2374 2823 constructis:
2417 2759 2864 2822 Donationem

586 2849 799 2926 etiam,
832 2853 899 2910 et
925 2846 1422 2930 resignationem
1456 2853 1523 2910 et
1567 2847 2119 2910 confirmationem
2159 2865 2320 2929 quas
2351 2845 2670 2929 Magister
2695 2845 2870 2908 Wil-

586 2935 821 2999 lelmus
853 2933 932 2997 de
962 2933 1267 2998 Fornesio
1313 2983 1328 2998 .
1371 2982 1388 2998 .
1436 2982 1451 2998 .
1498 2933 1657 2997 fecit
1684 2934 1931 2997 Abbati
1961 2942 2028 2997 et
2059 2933 2390 2996 monachis
2421 2933 2754 3016 praedictis
2786 2932 2867 2996 de

587 3021 889 3085 omnibus
912 3021 1232 3098 domibuS,
1255 3041 1406 3084 cum
1436 3020 1736 3084 omnibus
1766 3021 2202 3104 pertinenciis,
2225 3021 2295 3083 in
2327 3020 2614 3084 Civitate
2643 3018 2872 3083 Ebor.²

588 3110 656 3172 in
692 3108 1098 3190 Hundegatc‚
1128 3128 1289 3191 quas
1318 3108 1457 3191 ipse
1480 3107 1808 3190 plantavit
1836 3113 1901 3171 et
1931 3104 2134 3193 [quae]
2168 3109 2310 3171 sitae
2333 3105 2360 3144 ⁸
2389 3113 2546 3171 sunt
2571 3106 2647 3170 in
2677 3107 2872 3170 feodo

590 3196 911 3259 dictorum
969 3195 1248 3259 Abbatis
1300 3203 1369 3258 et
1417 3194 1919 3257 monachorum:
1987 3195 2421 3258 Donationem
2479 3194 2770 3277 insuper,
2801 3202 2869 3258 et

590 3282 878 3366 quietam
908 3280 1331 3346 clamanciam
1375 3301 1572 3364 quam
1604 3282 1796 3345 Lecia
1837 3281 2042 3346 Tirlit’
2063 3280 2090 3318 ⁴
2139 3301 2258 3364 per
2303 3282 2618 3364 scriptum
2671 3301 2870 3344 suum

591 3371 748 3434 fecit
777 3369 919 3433 Deo
949 3369 1029 3433 de
1079 3368 1315 3452 viginti
1366 3377 1434 3432 et
1484 3375 1630 3432 octo
1681 3368 2032 3433 denariatis
2081 3368 2285 3432 annui
2323 3368 2635 3443 redditus,
2665 3368 2871 3432 trium

590 3457 959 3532 solidorum,
988 3456 1059 3518 in
1087 3456 1326 3539 quibus
1356 3456 1517 3519 dicti
1538 3455 1764 3519 Abbas
1793 3462 1860 3520 et
1905 3455 2280 3520 Conventus
2311 3455 2436 3520 sibi
2477 3455 2874 3520 tenebantur

592 3564 709 3628 pro
760 3565 894 3607 una
940 3543 1132 3608 domo
1184 3543 1258 3606 in
1310 3542 1703 3626 Hundegate
1750 3563 1948 3626 quam
1991 3543 2308 3626 Magister
2365 3541 2742 3606 willelmus
2789 3543 2872 3607 de

592 3631 777 3695 Fum'
796 3631 823 3670 ⁴
868 3629 949 3695 de
992 3631 1134 3714 ipso
1178 3630 1433 3694 tenuit:
1478 3629 1917 3694 Donationem
1961 3679 1976 3694 .
2024 3679 2039 3694 .
2085 3679 2099 3692 .
2147 3650 2309 3713 quas
2339 3629 2662 3693 Ranulfus
2693 3629 2872 3693 filius

594 3717 872 3783 Walteri
916 3767 930 3781 .
976 3767 991 3782 .
1038 3767 1053 3782 .
1100 3718 1258 3781 fecit
1310 3716 1453 3781 Deo
1498 3767 1514 3781 .
1559 3766 1574 3781 .
1621 3767 1638 3782 .
1684 3717 1765 3780 de
1817 3716 1932 3780 illa
1985 3717 2257 3780 dimidia
2309 3723 2608 3783 carucata
2658 3723 2878 3792 terrae,

595 3826 746 3869 cum
796 3804 1233 3888 pertinenciis
1284 3825 1431 3888 quse
1482 3810 1584 3869 est
1635 3805 1708 3867 in
1759 3803 2081 3868 territorio
2133 3804 2215 3868 de
2265 3803 2619 3868 Folketone
2669 3823 2877 3886 quarn

662 3940 677 3970 ²
712 3937 827 3992 One
850 3939 973 3990 fails
994 3943 1052 3990 to
1074 3939 1346 4005 recognize
1368 3939 1478 3990 this
1500 3954 1672 3990 name.
1791 3939 1996 3990 mansio
2019 3939 2075 3990 in
2109 3938 2346 3992 Civitate
2378 3937 2536 3990 Ebor.
2574 3939 2623 3988 is
2655 3939 2874 4002 named,

594 4005 894 4067 Moreover,
928 4006 976 4055 it
1008 4005 1055 4055 is
1086 4020 1224 4071 open
1258 4010 1318 4055 to
1350 4005 1598 4070 question
1635 4003 1682 4054 if
1793 4005 1899 4054 and
1921 4006 1978 4055 in
1999 4005 2094 4056 the
2127 4004 2508 4070 Introductory
2531 4003 2789 4069 Chapter,
2819 4021 2874 4070 p.

597 4071 692 4149 the
728 4071 859 4122 final
901 4069 1127 4135 syllable
1167 4070 1340 4149 ought
1382 4075 1483 4122 not
1517 4073 1578 4121 to
1611 4069 1681 4121 be
1792 4069 1926 4134 lviii,
1961 4087 1996 4120 a
2021 4074 2058 4098 ‘⁸
2073 4070 2274 4121 demine
2295 4070 2352 4162 qs
2381 4070 2477 4120 the
2517 4075 2798 4122 tenement
2819 4075 2884 4159 ag.

594 4136 1451 4253 ⁹“3‘fflh30222313‘2ss'rum020
1490 4199 1681 4251 med
1793 4135 2882 4278 {⁰2¹3aetffiy,”m.l¹¹.{332·a,flz¹zz⁰z.

598 4267 803 4319 certain
856 4267 1023 4318 house
1039 4295 1055 4305 ·
1070 4271 1329 4333 property
1382 4267 1441 4316 in
1504 4264 1678 4326 York,
1795 4267 1934 4318 refer
1955 4272 2014 4318 to
2035 4267 2192 4318 other
2213 4271 2498 4318 mstances.

599 4333 775 4384 which
819 4349 945 4398 may
990 4335 1072 4394 (or
1124 4349 1249 4397 may
1292 4335 1408 4394 not)
1462 4331 1531 4382 be
1585 4330 1682 4381 the
1858 4368 1882 4402 ⁸
1963 4373 1975 4385 .
2007 4371 2018 4382 .

597 4399 714 4450 buil
758 4399 768 4410 '
846 4416 871 4450 s
920 4398 1155 4449 referred
1193 4403 1253 4448 to
1295 4397 1439 4447 here.
1534 4397 1603 4446 In
1647 4412 1682 4446 a
1913 4371 2033 4422 3²⁶⁸·

600 4463 768 4530 Papal
850 4463 1188 4515 onfirmation
1231 4461 1447 4529 printed
1480 4463 1537 4512 in
1586 4461 1682 4512 the
1859 4454 1898 4492 ⁴‘
1913 4453 2028 4512 The
2059 4463 2184 4511 true
2221 4461 2384 4512 forms
2415 4459 2472 4511 of
2502 4458 2654 4511 these
2695 4473 2884 4510 names

600 4529 831 4581 Fui-nese
886 4529 1129 4582 Coucher
1182 4531 1243 4580 at
1294 4543 1346 4595 p.
1398 4527 1511 4590 667,
1575 4542 1682 4577 una
1796 4541 1887 4578 are
1910 4526 2210 4594 altogether
2231 4525 2524 4578 uncertain.
