3075 5009
586 523 710 583 262
1236 533 1714 584 GAETULARIUM
1741 534 2202 586 RIEVALLENSE.

666 691 994 758 Henricus
1048 689 1188 778 [de]
1238 691 1627 756 Wiflardebi
1686 700 1754 757 et
1805 693 2088 758 Alardus
2131 692 2308 758 filius
2359 693 2500 778 ejus
2543 693 2870 760 dederunt

580 779 765 844 nobis
798 785 1075 864 quatuor
1102 799 1281 844 acras
1310 779 1481 863 prati
1509 786 1578 844 et
1607 779 1958 844 dimidiam.

664 867 1031 952 Torphinus
1090 867 1173 931 de
1228 866 1575 931 Alvestain
1633 867 1816 932 dedit
1873 867 2062 932 nobis
2119 868 2216 932 xii
2270 868 2618 951 perticatas
2675 875 2872 933 terrae

577 954 838 1018 arabilis
856 954 880 993 ¹
909 961 978 1019 et
1008 975 1051 1017 x
1080 953 1427 1037 perticatas
1455 953 1673 1039 prati.²

663 1041 909 1106 Decem
939 1041 1191 1106 bovatae
1221 1040 1616 1125 adquietatae
1642 1048 1800 1105 sunt
1829 1039 2016 1106 nobis
2045 1042 2119 1104 in
2144 1040 2482 1125 Houetun,
2505 1047 2575 1105 et
2603 1062 2648 1104 v
2675 1063 2864 1108 acrae.

662 1127 1202 1192 Sanctimoniales
1233 1128 1315 1193 de
1342 1129 1769 1194 Welleburna
1806 1127 2128 1192 dederunt
2169 1129 2358 1193 nobis
2403 1128 2567 1193 duas
2595 1129 2870 1194 bovatas

572 1222 775 1280 terrae.

658 1301 859 1385 Apud
888 1302 1178 1366 favercas
1206 1308 1461 1367 nostras
1490 1301 1662 1366 datae
1691 1309 1847 1366 sunt
1875 1301 2062 1366 nobis
2093 1301 2212 1366 lxx
2240 1322 2404 1367 acrae
2431 1309 2501 1367 et
2528 1302 2819 1368 dimidia.

660 1389 981 1454 Acharius
1001 1387 1028 1428 ³
1077 1389 1160 1454 de
1210 1389 1485 1454 Tunstal
1534 1389 1717 1454 dedit
1773 1389 1961 1454 nobis
2011 1389 2348 1474 grangiam
2406 1389 2488 1454 de
2561 1389 2872 1464 Boeltun‚

572 1495 721 1539 cum
751 1477 1168 1560 pertinenciis
1198 1477 1348 1542 suis,

658 1563 1019 1628 Everardus
1049 1563 1129 1628 de
1160 1564 1291 1628 Ros
1319 1563 1502 1627 dedit
1532 1563 1720 1628 nobis
1757 1571 2008 1628 sartum
2052 1564 2134 1629 de
2163 1563 2547 1647 Helmesley
2573 1568 2643 1628 et
2685 1584 2864 1628 com-

569 1648 1882 1822 mlffoaotdrffisastileragssiquffgedgyssymon
1921 1737 2096 1802 filius
2139 1736 2280 1820 ejus
2309 1736 2630 1802 dederunt
2669 1739 2870 1804 nobis

566 1827 808 1888 terram
838 1831 905 1888 et
934 1831 1266 1909 pasturam
1295 1825 1377 1889 ad
1410 1845 1482 1889 cc
1510 1845 1664 1889 oves
1692 1825 1764 1888 in
1795 1844 2022 1907 campo
2053 1825 2132 1888 de
2162 1824 2512 1908 Sproxtun.

656 1910 1032 1976 Willelmus
1062 1911 1143 1976 de
1171 1911 1640 1975 Amundevilla
1667 1911 1849 1976 dedit
1877 1912 2064 1976 nobis
2093 1931 2290 1975 unam
2321 1933 2540 1976 acram
2567 1919 2760 1977 terrae
2789 1914 2866 1978 in

568 2016 796 2080 campo
825 1998 907 2062 de
936 1999 1202 2062 Treford
1225 1999 1419 2082 juxta
1446 1999 1792 2084 piscariam
1821 1999 1904 2063 de
1933 1999 1999 2062 N
2001 1996 2305 2085 eus[um].

654 2084 918 2149 Terram
976 2085 1057 2149 de
1107 2085 1431 2162 Tesedale‚
1476 2107 1626 2151 cum
1679 2085 2100 2170 pertinenciis
2151 2087 2287 2150 suis
2339 2091 2406 2150 et
2455 2092 2724 2169 pastura
2775 2089 2862 2152 ad

568 2169 638 2234 lx
668 2190 885 2254 equas,
916 2191 1065 2236 cum
1108 2172 1311 2256 pullis
1362 2173 1497 2237 suis
1543 2173 1820 2236 duorum
1865 2193 2202 2250 annorum,
2233 2181 2298 2237 et
2344 2173 2426 2236 ad
2471 2173 2682 2238 sexies
2727 2175 2864 2238 xxti

568 2257 894 2336 animalia,
924 2266 991 2324 et
1020 2259 1103 2324 ad
1132 2261 1227 2323 xii
1255 2280 1485 2324 vaccas
1515 2266 1584 2324 et
1613 2260 1776 2325 duos
1807 2267 2044 2338 tauros,
2075 2280 2224 2324 cum
2267 2261 2674 2324 nutrimento
2719 2281 2864 2338 su0,

567 2350 636 2409 et
664 2353 903 2410 terram
934 2345 1015 2410 de
1042 2347 1492 2423 Westerdalle,
1515 2368 1666 2412 cum
1695 2349 2117 2431 pertinenciis
2147 2348 2301 2424 suis,
2319 2355 2387 2411 et
2406 2355 2744 2432 pasturam
2773 2351 2862 2414 ad

566 2433 776 2498 sexies
817 2454 909 2496 xx
951 2434 1276 2512 animalia,
1305 2442 1372 2498 et
1401 2435 1748 2518 piscariam
1779 2435 1859 2499 de
1887 2435 1954 2498 N
1957 2435 2388 2500 euhus-—haec
2426 2435 2646 2499 omnia
2675 2435 2863 2502 dedit

566 2520 755 2585 nobis
784 2521 1152 2586 Ber-nardus
1184 2521 1263 2586 de
1293 2522 1495 2587 Baiol.

654 2605 1007 2692 Grangiam
1058 2609 1139 2673 de
1190 2609 1497 2685 Broctun,
1551 2629 1702 2673 cum
1752 2608 2174 2694 pertinenciis
2225 2609 2378 2686 suis,
2427 2608 2613 2674 dedit
2664 2611 2862 2675 nobis

565 2694 612 2759 J
614 2692 895 2758 ordanus
927 2696 1103 2759 Paen
1134 2701 1199 2760 et
1230 2697 1445 2761 caeteri
1473 2696 1666 2760 liberi
1692 2697 1987 2761 homines
2018 2695 2307 2780 ejusdem
2337 2695 2530 2760 villae.

653 2781 1003 2846 Piscariam
1034 2782 1114 2846 de
1144 2783 1209 2846 N
1210 2784 1562 2859 ormanebi,
1593 2791 1658 2848 et
1689 2784 1836 2848 xliii
1865 2790 2280 2860 acras-terrae,
2309 2791 2377 2847 et
2404 2791 2740 2867 pasturam
2771 2785 2859 2849 ad

566 2875 829 2932 centum
876 2889 1049 2946 oves,
1076 2877 1145 2934 et
1196 2869 1278 2934 ad
1323 2872 1441 2934 viii
1480 2891 1681 2954 equos
1721 2871 1830 2936 vel
1880 2872 2097 2946 boveS,
2129 2876 2195 2934 et
2245 2870 2329 2933 ad
2379 2871 2698 2935 sumai-ios
2737 2873 2858 2956 qui

562 2955 910 3020 necessarii
982 2957 1244 3032 fuerint,
1302 2957 1485 3023 dedit
1557 2959 1746 3023 nobis
1806 2959 2122 3023 Ricardus
2181 2956 2356 3021 filius
2413 2957 2726 3036 Turstini,
2785 2969 2858 3024 et

564 3041 888 3107 Robertus
916 3042 1092 3108 filius
1122 3044 1279 3127 ejus,
1311 3053 1378 3110 et
1406 3045 1726 3110 Ricardus
1757 3045 1974 3110 Losth.

648 3128 937 3192 Domum
998 3137 1064 3194 et
1115 3136 1355 3196 terram
1406 3133 1488 3196 de
1540 3132 1935 3198 Beverlacho
1979 3132 2049 3194 in
2103 3129 2626 3215 Flammangaria
2669 3132 2858 3198 dedit

560 3215 748 3281 nobis
776 3217 823 3280 J
826 3215 1110 3282 ohannes
1139 3218 1313 3282 filius
1340 3219 1389 3284 J
1390 3219 1666 3284 ohannis
1695 3219 2030 3284 VinitoriS.

649 3303 972 3368 Robertus
1003 3306 1083 3370 de
1108 3305 1413 3390 Scyrlage
1442 3306 1626 3371 dedit
1651 3307 1840 3371 nobis
1869 3313 2109 3371 terram
2137 3307 2209 3370 in
2237 3299 2507 3390 gardino
2526 3305 2854 3370 Willelmi

562 3388 685 3454 filii
734 3390 1025 3456 Leverici
1076 3393 1148 3456 in
1195 3392 1607 3470 BeverlachO,
1635 3395 1708 3457 lx
1758 3395 2000 3478 pedum
2052 3395 2124 3457 in
2171 3393 2438 3478 longum
2485 3400 2552 3457 et
2597 3414 2736 3458 xxx
2779 3395 2854 3458 in

562 3475 789 3554 latum,
817 3477 904 3542 ad
935 3478 1298 3543 faciendam
1327 3479 1422 3545 ibi
1451 3500 1652 3544 unam
1682 3481 1963 3546 domum.

647 3563 1021 3630 Willelmus
1062 3567 1141 3631 de
1182 3567 1362 3631 Etun
1406 3567 1590 3632 dedit
1629 3569 1816 3634 nobis
1858 3569 1928 3632 ix
1956 3587 2137 3633 acras
2175 3567 2347 3652 prati
2375 3575 2444 3632 et
2471 3587 2672 3631 unam
2701 3586 2851 3651 per-

560 3649 830 3716 ticatam
858 3651 925 3716 in
959 3653 1130 3737 Torp
1146 3653 1173 3691 ⁴
1194 3654 1389 3738 juxta
1415 3655 1797 3722 Eboracum.

624 3820 643 3856 ¹
674 3821 916 3876 Arabilis
938 3825 1163 3877 omitted
1188 3827 1244 3877 in
1267 3827 1525 3894 Dugdale.
1829 3826 1852 3859 ⁸
1885 3826 2111 3878 Printed
2155 3826 2466 3879 Archoo-im.
2554 3824 2670 3877 The
2723 3825 2850 3879 first

622 3887 645 3964 ,⁸
677 3887 744 3939 In
790 3889 1054 3956 Dugdale,
1102 3891 1247 3943 aiter
1290 3894 1493 3959 “prati
1517 3894 1549 3918 ’⁹
1589 3893 1636 3945 is
1761 3898 1923 3960 grant
1957 3893 2016 3944 of
2048 3891 2317 3944 Achai-ius
2355 3891 2422 3944 de
2461 3891 2692 3943 Tunstnl
2731 3907 2846 3944 was

554 3953 772 4070 Ξηωοῗὲ
798 3955 1370 4072 ᾈέἓθξὲιῗὲὶζζῖζξίώ
1378 3958 1635 4074 ’.ιῖἱὲοῆῙέ
1761 3956 2846 4075 &33⁶03flLL32·w1535012N322v2¹„3.35¹1ss

552 4081 727 4135 latum
745 4083 775 4108 ''
808 4084 855 4136 is
887 4037 1253 4154 inffiediately
1274 4088 1524 4140 followed
1558 4089 1632 4154 by
1750 4083 1794 4139 'a
1826 4089 1998 4140 nearl‘
2047 4088 2334 4155 preceding
2365 4093 2490 4138 note
2522 4103 2582 4138 aa
2621 4089 2848 4155 regards

560 4151 672 4200 “et
694 4149 995 4202 tenduntur
1016 4153 1073 4204 in
1096 4152 1367 4219 longum,”
1391 4154 1500 4206 and
1532 4155 1630 4206 has
1759 4155 1856 4206 the
1888 4171 1981 4206 ear
2001 4171 2038 4220 y
2077 4160 2270 4205 nature
2313 4152 2371 4204 of
2407 4153 2483 4204 all
2519 4153 2617 4204 the
2656 4160 2846 4220 granta

552 4215 781 4282 nothing
812 4219 872 4268 to
912 4217 999 4279 do,
1038 4233 1099 4268 as
1138 4219 1185 4269 is
1219 4218 1454 4280 evident,
1492 4220 1630 4272 with
1756 4219 2100 4271 enumerated
2118 4221 2174 4270 in
2192 4220 2288 4271 the
2337 4222 2517 4270 renent
2531 4218 2841 4272 document.

552 4279 647 4330 the
678 4280 783 4332 site
816 4281 875 4332 of
908 4282 1002 4334 the
1040 4283 1314 4336 donation.
1386 4284 1487 4336 See
1518 4285 1624 4339 No.
1819 4285 1840 4317 ⁴
1875 4285 2226 4353 Layerthorp.
2337 4301 2398 4336 ee
2430 4283 2534 4336 No.
2561 4297 2841 4348 ooenxvn,

547 4357 827 4398 cxxxvrn.
1753 4355 1854 4402 ete.
