3075 5009
1181 548 1188 557 -
1251 522 1601 571 APPENDIX.
2442 510 2569 570 389

289 677 607 738 servitium
624 677 790 757 quod
807 678 884 739 ad
903 677 1220 757 praedictas
1233 686 1426 739 terras
1445 680 1727 759 pertinet,
1747 698 1858 761 pro
1874 678 2041 742 omni
2058 678 2307 740 servitio
2323 684 2389 740 et
2404 698 2572 741 exae-

289 757 472 819 tione.
546 758 630 819 Et
649 758 797 821 dicti
827 759 1131 821 Robertus
1151 768 1216 820 et
1235 760 1509 834 labella,
1531 770 1595 821 et
1616 760 1883 822 haeredes
1903 761 2093 840 ipsius
2114 759 2388 821 Isabellae
2434 779 2576 821 war-

287 849 456 919 ranty
524 840 722 901 eidem
762 840 991 903 Abbati
1033 850 1097 902 et
1123 840 1402 902 Ecclesiae
1435 840 1741 921 praedictoe
1767 850 1961 903 totam
1990 840 2336 922 praedictam
2364 862 2427 902 vl
2452 840 2573 903 lam

289 920 368 983 de
461 922 710 983 adelton
751 969 764 983 .
812 967 828 984 .
874 968 888 983 .
933 931 998 984 et
1024 931 1216 984 totam
1247 923 1597 1003 praedictam
1627 933 1867 995 terram,
1898 930 1963 985 et
1988 922 2337 1003 praedictam
2354 922 2576 984 medie-

287 1009 482 1063 tatem
508 1002 843 1065 molendini
885 1050 900 1065 .
945 1050 961 1067 .
1007 1052 1022 1067 .
1065 1004 1130 1065 in
1160 1004 1661 1085 Cullingwurthe,
1684 1013 1749 1065 et
1768 1014 1963 1066 totam
1984 1004 2333 1085 proedictam
2350 1013 2575 1067 terram

294 1130 306 1143 .
442 1129 458 1146 .
517 1086 582 1145 in
639 1084 959 1165 Fagheder
1011 1132 1026 1147 .
1085 1130 1100 1147 .
1159 1131 1174 1149 .
1232 1087 1696 1165 imperpetuum.
1803 1086 1889 1147 Et
1941 1092 2233 1167 praeterea
2298 1085 2575 1166 praedicti

291 1164 600 1227 Robertus
654 1174 720 1226 et
772 1165 1032 1227 Isabella
1085 1176 1522 1241 concesserunt,
1582 1187 1692 1247 pro
1749 1186 1813 1228 se
1868 1175 1933 1228 et
1984 1166 2328 1229 haeredibus
2382 1166 2574 1246 ipsius

291 1245 581 1322 Isabellae,
612 1248 776 1327 quod
807 1248 1128 1327 praedictus
1155 1248 1362 1309 Abbas
1391 1259 1454 1308 et
1481 1248 1749 1309 Ecclesia
1774 1268 1882 1310 sua
1907 1248 1986 1309 de
2012 1247 2285 1309 Rievalle
2310 1247 2577 1309 habeant

292 1335 357 1387 et
383 1335 637 1390 teneant
663 1348 872 1390 omnes
900 1340 1092 1389 terras
1119 1337 1183 1390 et
1209 1330 1412 1390 omnia
1439 1336 1789 1390 tenementa
1816 1349 1951 1409 quae
1979 1330 2143 1391 idem
2170 1328 2379 1391 Abbas
2407 1330 2576 1409 prius

293 1410 494 1470 tenuit
520 1409 597 1470 de
625 1408 790 1471 dono
814 1410 1089 1490 praedicti
1126 1409 1280 1471 Adae
1322 1409 1434 1471 filii
1472 1410 1643 1471 Petri
1670 1418 1736 1471 et
1759 1410 1802 1471 J
1806 1410 2062 1472 ohannis
2089 1410 2166 1473 de
2194 1410 2447 1472 Birkin1
2474 1409 2576 1493 [de

290 1489 500 1573 feodo]
541 1491 812 1569 ejusdem
854 1491 1010 1553 Adae
1049 1492 1115 1553 in
1155 1492 1615 1553 Rumblesmore
1658 1500 1723 1552 et
1762 1492 1827 1553 in
1870 1492 2253 1572 Stainburge‚
2286 1501 2351 1554 et
2376 1498 2577 1552 totum

292 1570 540 1633 boscum
577 1572 654 1632 de
697 1572 986 1633 Haxtona
1026 1619 1040 1633 .
1088 1617 1103 1634 .
1148 1619 1162 1634 .
1209 1592 1345 1651 quoe
1387 1572 1616 1634 habent
1641 1572 1719 1634 de
1745 1573 1908 1635 dono
1947 1574 2195 1635 Thomae
2223 1573 2301 1635 de
2341 1572 2575 1646 Birkin,

291 1651 500 1713 fratris
525 1654 715 1731 ipsius
742 1653 1029 1730 Isabellae‚
1063 1654 1235 1733 cujus
1273 1655 1465 1715 haeres
1502 1656 1635 1734 ipsa
1663 1662 1772 1729 est,
1804 1663 1868 1715 et
1894 1674 2274 1716 communam
2316 1661 2581 1735 pasturae

291 1734 518 1813 ubique
545 1736 610 1794 in
638 1734 1004 1814 Stainburge
1031 1736 1110 1797 ad
1151 1738 1260 1798 xxi
1301 1736 1502 1809 boves,
1534 1742 1599 1796 et
1625 1745 1887 1815 quatuor
1928 1756 2113 1816 equos
2142 1736 2241 1797 vel
2282 1755 2487 1815 equas,
2516 1742 2582 1795 et

292 1814 371 1875 ad
398 1835 488 1876 xx
515 1835 728 1896 porcos
755 1836 892 1877 cum
919 1836 1043 1878 uno
1063 1837 1252 1889 verre,
1283 1826 1350 1878 et
1375 1818 1454 1877 ad
1496 1838 1584 1877 xx
1612 1837 1821 1879 vaccas
1848 1838 1987 1879 cum
2014 1818 2035 1878 i
2062 1826 2241 1879 tauro
2264 1840 2281 1893 3
2322 1835 2581 1897 quarum

293 1896 476 1957 vituli
524 1917 662 1958 cum
709 1899 968 1977 separati
1023 1898 1257 1960 fuerint
1309 1899 1755 1960 amovebuntur
1794 1898 1873 1959 de
1914 1906 2163 1979 pastura
2210 1898 2316 1959 illa
2338 1896 2482 1993 ‘vel‘
2515 1898 2582 1957 in

292 1997 552 2119 :3³3²
527 1979 2190 2141 „ffitsszthssstffl1¹zulz²332ffi03¹5333¹22¹22¹¹322542
2199 1977 2586 2123 ehffiffi

294 2160 703 2202 successorum
732 2161 998 2215 suorum,
1021 2163 1276 2221 quarum
1301 2143 1444 2223 agni
1473 2153 1655 2203 erunt
1680 2144 1745 2203 in
1763 2142 1974 2203 eadem
1997 2151 2248 2222 pastura
2267 2161 2582 2221 quousque

295 2222 557 2301 separati
585 2222 830 2297 fuerint,
863 2232 926 2284 et
967 2244 1088 2283 non
1131 2224 1390 2303 amplius
1431 2224 1549 2283 nisi
1590 2232 2019 2303 computentur
2056 2224 2222 2285 infra
2258 2242 2580 2284 numerum

335 2303 667 2364 raedictum.
755 2304 839 2364 Et
884 2305 1195 2365 sciendum
1243 2314 1338 2367 est
1384 2304 1551 2385 quod
1600 2306 1813 2366 boscus
1855 2305 1959 2366 ille
2000 2306 2109 2384 qui
2148 2313 2405 2365 vocatur
2450 2303 2585 2366 Fal-

295 2322 588 2467 fthwayt]
615 2385 734 2445 erit
761 2386 824 2445 in
853 2385 1102 2447 defenso
1143 2386 1397 2467 singulis
1437 2385 1613 2446 annis
1654 2406 1691 2446 a
1718 2384 2048 2465 primordio
2088 2386 2241 2447 Maii
2283 2404 2475 2465 usque
2503 2384 2581 2445 ad

294 2467 561 2544 primum
602 2465 764 2527 diem
805 2466 998 2541 Junii,
1043 2468 1174 2528 sine
1214 2487 1534 2528 communa
1574 2467 1779 2546 aliqua
1818 2487 2003 2547 quam
2046 2466 2176 2547 ipse
2223 2467 2433 2528 Abbas
2481 2466 2579 2527 vel

294 2566 666 2609 successores
693 2547 787 2608 sui
815 2548 877 2608 in
907 2549 1119 2610 eodem
1146 2549 1327 2609 bosco
1355 2548 1579 2609 habere
1620 2548 1891 2627 possint3
1932 2554 1996 2608 et
2034 2548 2269 2628 reliquo
2308 2555 2581 2626 tempore

293 2630 438 2689 anni
481 2629 794 2690 habebunt
834 2629 1160 2708 praedictus
1201 2630 1408 2691 Abbas
1452 2638 1516 2690 et
1564 2629 1831 2690 Ecclesia.
1870 2628 2159 2708 praedicta
2200 2647 2578 2689 communam

293 2709 569 2790 herbagii
612 2710 838 2788 ubique
886 2712 949 2771 in
992 2710 1204 2772 eodem
1245 2711 1426 2772 bosco
1468 2709 1546 2770 ad
1596 2710 1884 2791 praedicta
1926 2710 2225 2771 animalia.
2309 2710 2393 2771 Et
2434 2728 2583 2787 prse—

296 2798 479 2865 terea‚
500 2791 648 2852 dicti
671 2790 974 2854 Robertus
997 2801 1062 2853 et
1085 2792 1354 2867 Isabella,
1377 2800 1442 2852 et
1461 2791 1731 2853 haeredes
1747 2792 1937 2871 ipsius
1953 2790 2243 2862 Isabellae,
2267 2790 2583 2851 invenient

296 2872 494 2933 eidem
523 2872 753 2933 Abbati
796 2918 809 2935 .
857 2918 872 2934 .
916 2919 930 2934 .
977 2882 1042 2935 et
1069 2873 1346 2934 Ecclesiae
1376 2874 1677 2952 praedictae
1719 2874 2115 2934 sufficientem
2155 2872 2488 2935 bercariam
2514 2871 2579 2931 in

297 2952 691 3033 Stainburgh,
720 2961 782 3015 et
807 2954 974 3015 illam
1003 2954 1413 3016 emendabunt
1440 2956 1564 3014 suis
1606 2955 1867 3035 propriis
1906 2954 2250 3035 sumptibus
2277 2953 2580 3033 quotiens-

297 3054 532 3114 cunque
559 3054 800 3096 necesse
828 3034 1032 3109 fuerit,
1065 3044 1128 3097 et
1163 3035 1520 3096 sufficientia
1561 3042 1893 3097 stramenta
1933 3036 2249 3097 invenient
2274 3036 2339 3095 in
2368 3033 2577 3095 eadem

296 3116 567 3177 bet-caria
594 3116 671 3176 ad
707 3137 771 3177 cc
799 3137 957 3193 oves,
989 3137 1124 3196 quae
1163 3118 1452 3195 jacebunt
1492 3126 1620 3177 tam
1660 3117 1725 3178 in
1755 3116 1967 3178 eadem
2006 3117 2277 3179 bercaria
2303 3134 2486 3194 quam
2512 3114 2576 3177 in

296 3197 464 3259 falda
490 3198 917 3277 praedictorum
945 3199 1198 3260 Roberti
1227 3205 1292 3259 et
1316 3197 1608 3272 Isabellae,
1640 3206 1703 3259 et
1730 3198 2040 3259 haeredum
2068 3198 2258 3277 ipsius
2287 3196 2577 3271 Isabelloe,

299 3288 480 3359 prout
505 3288 713 3358 pastor
751 3280 941 3358 ipsius
969 3280 1228 3340 Abbatis
1255 3287 1320 3339 et
1359 3299 1770 3341 successorum
1810 3299 2059 3340 suorum
2098 3278 2314 3341 melius
2355 3276 2582 3338 viderit

297 3359 602 3440 expedire.
689 3360 773 3421 Et
799 3360 946 3421 dicti
975 3360 1278 3422 Robertus
1306 3370 1370 3421 et
1396 3360 1672 3436 Isabella,
1693 3370 1757 3422 et
1783 3360 2050 3422 haeredes
2076 3360 2267 3440 ipsius
2288 3358 2579 3432 Isabellae‚

298 3450 498 3502 totum
529 3442 736 3502 fimum
763 3450 890 3502 tam
911 3442 1192 3503 bercarioe
1213 3462 1396 3521 quam
1415 3441 1598 3502 faldae
1617 3442 1921 3521 praedictae
1948 3442 2298 3503 habebunt:
2339 3439 2580 3500 Haben-

299 3521 450 3584 dum
492 3568 506 3583 .
557 3567 570 3584 .
616 3570 630 3585 .
675 3522 872 3585 eidem
913 3524 1143 3585 Abbati
1186 3569 1200 3584 .
1247 3568 1260 3583 .
1308 3570 1320 3583 .
1368 3531 1433 3584 et
1473 3522 1753 3584 Ecclesiae
1843 3522 2106 3584 raedictae
2151 3521 2229 3583 de
2277 3519 2581 3601 praedictis

299 3603 568 3699 Eoberto
591 3612 654 3665 et
673 3603 949 3679 Isabella,
970 3612 1034 3665 et
1054 3602 1392 3665 haeredibus
1413 3604 1605 3683 ipsius
1629 3604 1801 3665 Isabe
1827 3604 1916 3678 loe,
1936 3604 2000 3664 in
2030 3649 2045 3665 .
2078 3651 2093 3665 .
2126 3650 2141 3664 .
2172 3601 2577 3677 elemosinam,

297 3694 784 3845 ἰιῗθῗ-ἓῖιξξᾟὲἒῗιᾏ
810 3686 1084 3827 lm&
1114 3682 2584 3849 {mit}fsssfiz‘z‘zeffil‘zz‘zzssssffaess’ssllsffi

300 3847 589 3927 praedicta
616 3868 752 3927 quae
779 3847 940 3907 idem
962 3848 1170 3909 Abbas
1199 3848 1364 3926 prius
1395 3848 1597 3908 tenuit
1622 3848 1688 3908 in
1715 3847 2175 3909 Rumblesmore
2202 3854 2267 3908 et
2292 3846 2357 3907 in
2385 3845 2585 3908 Staiu-

299 3930 516 4009 burgh,
559 3938 623 3989 et
661 3928 1010 4007 praedictam
1051 3948 1431 3990 communam
1473 3939 1733 4008 pasturae
1770 3930 1835 3991 in
1866 3928 2258 4009 Stainburgh‚
2290 3934 2354 3989 et
2381 3935 2582 3988 totum

299 4012 547 4073 boscum
574 4009 652 4070 de
683 4008 975 4071 Hordena
1017 4056 1032 4071 .
1079 4056 1093 4071 .
1141 4057 1155 4071 .
1199 4018 1272 4071 ut
1312 4009 1567 4071 liberam
1610 4059 1625 4073 .
1672 4058 1687 4072 .
1732 4057 1747 4071 .
1794 4010 2184 4073 elemosianm
2225 4028 2399 4070 suam
2441 4054 2456 4070 .
2504 4056 2515 4069 .
2561 4055 2575 4069 .

299 4092 763 4171 imperpetuum.
846 4090 930 4151 Et
971 4098 1277 4171 praeterea,
1323 4092 1597 4171 praedicti
1632 4092 1940 4155 Robertus
1968 4103 2033 4154 et
2060 4090 2319 4153 Isabella
2351 4107 2584 4151 conces-

299 4180 511 4234 serunt
539 4192 649 4252 pro
677 4192 740 4233 se
769 4180 832 4233 et
861 4171 1201 4233 haeredibus
1227 4172 1418 4252 ipsius
1449 4172 1737 4248 Isabellae,
1768 4183 2068 4254 quantum
2095 4172 2171 4233 ad
2202 4174 2363 4253 ipsos
2403 4169 2581 4251 perti-

299 4261 422 4329 net,
447 4254 612 4333 quod
635 4253 906 4333 praedicti
928 4253 1136 4315 Abbas
1176 4300 1190 4315 .
1239 4300 1252 4314 .
1299 4300 1313 4314 .
1359 4262 1423 4315 et
1443 4254 1710 4316 Ecclesia
1730 4255 2021 4334 praedicta
2039 4254 2307 4315 habeant
2326 4251 2583 4313 rationa-

369 4398 388 4431 ¹
419 4398 682 4451 Attachad
725 4404 776 4448 to
819 4394 922 4449 No.
973 4398 1056 4449 58.
1143 4396 1210 4447 In
1259 4398 1386 4452 1227
1499 4399 1597 4450 the
1620 4399 1767 4466 King
1782 4400 1840 4451 of
1860 4402 1960 4452 200
1980 4398 2162 4451 marks
2182 4402 2243 4449 to
2264 4397 2402 4449 have
2422 4396 2585 4448 neisin

300 4464 530 4515 Thomas
570 4464 637 4514 de
682 4462 890 4524 Biz-kin,
936 4462 1080 4513 filius
1118 4468 1176 4513 et
1218 4462 1386 4513 haeres
1499 4465 1559 4514 of
1589 4465 1685 4515 the
1716 4464 1872 4517 landa
1904 4466 1962 4516 of
1999 4466 2093 4516 the
2126 4464 2244 4515 said
2276 4463 2421 4515 John
2457 4462 2583 4525 (Ex-

301 4529 565 4581 Johannin
588 4530 656 4580 de
677 4528 886 4590 Birkin,
909 4528 1064 4579 made
1079 4544 1114 4579 a
1129 4528 1236 4578 fine
1253 4528 1386 4579 with
1499 4543 1689 4595 cerpta
1708 4546 1739 4581 e
1762 4530 1977 4582 Rutulis
2001 4530 2233 4590 Finium,
2260 4529 2295 4579 i.
2329 4530 2465 4591 162).
