3075 5009
611 472 737 532 368
1273 484 1744 535 GARTULARIUM
1774 488 2240 539 RIEVALLENSE.

610 641 1002 703 sacramentis
1055 640 1490 718 ecclesiasticis,
1527 643 1763 723 aliquid
1816 646 2117 741 exigatur,
2174 646 2539 715 inhibemus,
2654 650 2724 713 Si
2764 653 2897 731 quis

609 730 815 785 autem
842 722 1260 785 contravenire
1287 725 1757 805 praesumpserit,
1786 736 2131 806 portionem
2172 748 2311 791 cum
2338 728 2511 792 Giezi
2552 750 2618 793 se
2658 735 2897 795 noverit

606 804 981 880 habiturum,
1007 804 1183 884 cujus
1211 804 1442 867 factum
1469 807 1789 869 exactione
1814 809 2087 871 muneris
2112 808 2407 871 imitatur.
2490 810 2895 877 Prohibemus

605 887 856 967 insuper
880 906 960 949 ne
987 885 1065 948 ab
1094 885 1392 967 episcopis
1417 886 1516 949 vel
1560 887 1899 965 abbatibus,
1931 890 2143 953 aliisve
2184 890 2455 971 praelatis
2495 896 2641 955 novi
2682 914 2893 959 census

604 969 1000 1049 imponantur
1026 966 1310 1043 ecclesiis,
1340 988 1453 1029 nec
1479 974 1721 1031 veteres
1746 978 2103 1051 augeantur,
2132 991 2244 1034 nec
2272 981 2511 1053 partem
2540 975 2893 1038 reddituum

602 1050 729 1112 suis
757 1050 968 1111 usibus
994 1050 1387 1129 appropriare
1413 1058 1830 1129 praesumant3
1869 1051 1978 1114 sed
2017 1053 2367 1115 libertatem
2408 1075 2593 1134 quam
2632 1058 2895 1137 majores

601 1132 719 1195 sibi
747 1130 974 1193 servari
1001 1129 1352 1192 desiderant
1377 1131 1749 1193 minoribus¹
1790 1134 1917 1194 suis
1956 1133 2118 1196 bona
2161 1134 2477 1198 voluntate
2513 1149 2891 1202 conservent.

601 1214 668 1274 Si
695 1212 834 1292 quis
862 1218 1068 1274 autem
1095 1210 1272 1273 aliter
1299 1212 1508 1292 egerit,
1540 1212 1785 1275 irritum
1813 1214 1979 1295 quod
2006 1215 2223 1279 fecerit
2246 1216 2564 1281 habeatur.

684 1378 778 1437 11.
823 1388 964 1437 xlx.
1013 1371 1136 1457 [71']
1179 1373 1481 1449 Quoniam
1529 1374 1803 1437 Ecclesia
1854 1376 1973 1439 Dei
2020 1378 2088 1438 in
2140 1377 2241 1439 his
2286 1399 2421 1458 quae
2476 1389 2759 1460 spectant
2813 1384 2891 1445 ad

601 1454 943 1519 subsidium
995 1475 1066 1517 co
1143 1454 1280 1530 oris,
1339 1463 1405 1517 et
1457 1456 1522 1517 in
1578 1455 1699 1517 hiis
1767 1478 1903 1537 quae
1967 1458 2047 1519 ad
2114 1459 2455 1539 profectum
2522 1464 2891 1541 proveniunt

598 1539 956 1611 animarum,
1005 1536 1070 1597 in
1117 1536 1426 1616 igentibus
1479 1538 1639 1598 sicut
1692 1538 1796 1618 pia
1848 1546 2045 1601 mater
2099 1541 2421 1620 providere
2466 1550 2772 1618 teneatur,
2814 1566 2889 1609 ne

597 1618 984 1701 pauperibus,
1057 1618 1122 1679 ui
1170 1623 1493 1698 parentum
1542 1620 1759 1698 opibus
1795 1618 2003 1699 juvari
2044 1640 2170 1683 non
2218 1630 2493 1702 possunt,
2538 1624 2789 1705 legendi
2829 1637 2890 1688 et

598 1699 951 1781 proficiendi
1055 1698 1174 1761 esit
1229 1699 1671 1779 opportunitas,
1736 1720 1845 1781 per
1906 1722 2396 1783 unamquamque
2458 1704 2888 1769 cathedralem

597 1781 929 1843 Ecclesiam
981 1780 1292 1861 magistro,
1351 1780 1458 1859 qui
1513 1780 1761 1843 clericos
1816 1782 2094 1862 ejusdem
2150 1784 2415 1846 ecclesiae
2469 1794 2535 1847 et
2592 1808 2887 1867 pauperes

597 1862 902 1925 scholares
947 1862 1138 1941 gratis
1178 1860 1414 1937 doceat,
1455 1870 1807 1942 competens
1848 1862 2082 1944 aliquid
2121 1864 2481 1928 beneficium
2520 1868 2883 1947 praebeatur,

595 1964 720 2025 quo
763 1943 1040 2006 docentis
1076 1942 1404 2005 necessitas
1441 1943 1815 2021 sublevetur,
1867 1953 1932 2006 et
1978 1945 2353 2008 discentibus
2401 1948 2503 2008 via
2550 1959 2761 2029 pateat
2808 1952 2885 2013 ad

594 2025 954 2090 doctrinam.
1036 2023 1115 2084 In
1142 2023 1278 2086 aliis
1317 2044 1560 2105 quoque
1598 2025 1961 2088 instituatur
2000 2026 2283 2104 ecclesiis,
2314 2028 2366 2089 si
2393 2032 2715 2093 retroactis
2742 2040 2889 2094 tem·

595 2108 844 2189 poribus
865 2104 1098 2185 aliquid
1125 2104 1192 2167 in
1213 2106 1300 2167 eis
1320 2104 1401 2167 ad
1421 2104 1538 2168 hoc
1558 2106 1748 2168 fuerit
1763 2106 2143 2188 deputatum.
2214 2108 2337 2171 Pro
2358 2108 2608 2172 licentia
2626 2111 2887 2176 docendi

595 2189 800 2251 nullus
847 2185 1095 2251 omnino
1143 2185 1412 2267 pretium
1457 2187 1558 2249 exi
1638 2194 1682 2264 t,
1724 2188 1825 2251 vel
1872 2188 1989 2250 sub
2036 2190 2297 2251 obtentu
2343 2190 2600 2271 alicujus
2640 2214 2888 2257 consue-

594 2270 828 2333 tudinis
869 2268 946 2331 ab
987 2267 1084 2329 his
1125 2268 1232 2347 qui
1272 2266 1496 2331 docent
1535 2288 1573 2330 a
1602 2268 1768 2349 'quid
1808 2278 2077 2348 quaerat:
2134 2290 2247 2333 nec
2287 2270 2507 2335 docere
2534 2293 2887 2355 quenquam

595 2374 676 2415 ex
701 2352 898 2433 petita
924 2349 1189 2424 licentia,
1219 2348 1326 2444 qui
1353 2348 1438 2411 sit
1463 2349 1735 2425 idoneus,
1766 2350 2110 2414 interdicat.
2194 2352 2316 2428 Qui
2354 2373 2502 2415 vero
2529 2362 2746 2418 contra
2772 2357 2887 2420 hoc

594 2435 802 2497 venire
830 2437 1300 2514 praesumpserit,
1327 2450 1364 2492 a
1391 2430 1683 2495 beneficio
1712 2431 2114 2495 ecclesiastico
2141 2434 2251 2494 fiat
2275 2434 2527 2497 alienus.
2608 2437 2891 2518 Dignum

594 2516 844 2596 quidem
891 2532 1024 2575 esse
1069 2512 1316 2574 videtur
1361 2518 1434 2573 ut
1479 2512 1547 2573 in
1592 2512 1861 2575 Ecclesia
1907 2513 2027 2576 Dei
2074 2514 2297 2577 laboris
2346 2517 2445 2577 sui
2492 2537 2619 2579 non
2662 2517 2891 2582 habeat

593 2598 874 2679 pretium,
906 2594 1012 2674 qui
1039 2593 1362 2675 cupiditati
1389 2593 1579 2655 animi
1619 2595 1769 2655 dum
1812 2594 2027 2657 vendit
2064 2596 2375 2659 licentiam
2415 2596 2621 2675 dandi,
2654 2601 2891 2663 ecclesi-

589 2679 848 2741 asticum
875 2675 1214 2757 profectum
1241 2674 1464 2736 nititur
1489 2675 1801 2755 impedire.

677 2844 772 2903 12.
817 2854 930 2901 xx,
976 2836 1286 2899 Ptesbiter
1337 2837 1467 2898 sive
1522 2836 1796 2899 Clericus
1851 2836 1957 2917 qui
2012 2838 2325 2902 ecclesiam
2373 2861 2484 2921 per
2522 2841 2709 2903 laicos
2750 2844 2887 2907 sine

590 2921 954 2985 auctoritate
981 2918 1264 2997 Episcopi
1305 2918 1619 2997 receperit,
1650 2926 1718 2980 et
1756 2919 2178 2982 communione
2220 2922 2513 3001 privetur,
2546 2932 2625 2999 et,
2658 2926 2709 2985 si
2754 2946 2889 3005 per-

593 3004 839 3077 stiterit,
864 3021 903 3062 a
927 2999 1264 3061 ministerio
1293 2998 1557 3061 ecclesiae
1586 3007 1648 3061 et
1674 2999 1886 3062 ordine
1916 3000 2305 3094 deponatur.⁵¹
2386 3002 2545 3065 Sane
2614 3006 2719 3066 uia
2744 3006 2889 3069 laici

593 3085 842 3165 quidam
871 3080 1298 3145 ecclesiasticas
1325 3100 1629 3161 personas,
1662 3089 1727 3142 et
1753 3082 1917 3160 ipsos
1939 3088 2124 3143 etiam
2152 3083 2479 3164 episcopos,
2504 3084 2581 3164 ju
2630 3086 2743 3149 'cio
2774 3108 2889 3150 suo

591 3172 753 3228 stare
781 3184 914 3227 com
959 3160 1170 3237 ellunt,
1191 3180 1292 3223 eos
1312 3161 1420 3242 qui
1446 3161 1524 3223 de
1554 3169 1771 3224 caetero
1799 3161 1864 3224 id
1884 3166 2379 3245 praesumpserint
2398 3186 2435 3225 a
2455 3168 2889 3232 communione

592 3246 864 3309 fidelium
955 3242 1287 3306 ecemimus
1335 3243 1753 3323 segregandos.
1848 3243 2251 3308 Prohibemus
2294 3246 2544 3327 insuper
2591 3268 2673 3311 ne
2720 3249 2886 3327 laici,

591 3349 730 3391 cum
770 3326 1110 3389 animarum
1144 3344 1390 3387 suarum
1431 3324 1699 3405 periculo
1740 3323 2001 3387 decimas
2032 3324 2393 3404 detinentes,
2424 3330 2487 3388 in
2515 3328 2669 3390 alios
2696 3329 2886 3395 laicos

589 3410 827 3491 possint
878 3406 1084 3485 aliquo
1131 3404 1315 3467 modo
1370 3406 1719 3468 transferre.
1824 3405 1892 3467 Si
1938 3406 2073 3486 quis
2124 3405 2219 3492 [8]
2266 3428 2413 3471 vero
2459 3412 2761 3491 receperit
2822 3422 2889 3476 et

590 3492 856 3555 ecclesiae
894 3508 1020 3551 non
1060 3484 1414 3562 reddiderit,
1457 3487 1809 3549 Christiana
1848 3487 2163 3569 sepultura
2202 3490 2495 3570 privetur.
2551 3490 2881 3569 Praeterea,

589 3572 758 3654 quod
811 3573 878 3634 in
917 3574 1159 3632 tantum
1201 3566 1492 3630 laicorum
1536 3567 1921 3648 quorundam
1964 3571 2258 3650 processit
2300 3572 2552 3634 audacia
2594 3580 2686 3649 ut,
2737 3574 2887 3657 Epi·

589 3674 911 3735 scoporum
954 3648 1316 3713 auctoritate
1361 3669 1390 3709 s
1433 3657 1586 3724 reta,
1638 3649 1885 3713 clericos
1932 3651 2310 3713 constituant
2361 3654 2428 3715 in
2482 3654 2773 3733 ecclesiis,
2821 3666 2889 3720 et

587 3740 961 3808 removeant,
1007 3739 1091 3806 et,
1139 3750 1279 3793 cum
1315 3750 1394 3791 vo
1419 3731 1641 3807 uerint,
1686 3732 2091 3811 possessiones
2128 3752 2367 3815 quoque
2422 3735 2885 3815 ecclesiasticas,

586 3824 772 3897 atque
796 3815 918 3878 alia
956 3812 1360 3875 ecclesiastica
1397 3812 1577 3888 bona,
1608 3832 1717 3893 pro
1765 3833 1877 3874 sua
1913 3813 2231 3877 voluntate
2272 3815 2631 3896 plerumque
2672 3818 2891 3882 distri-

587 3898 797 3974 buant,
828 3904 894 3959 et
918 3902 1049 3957 tam
1075 3893 1352 3957 ecclesias
1379 3892 1514 3955 illas
1544 3914 1725 3974 quam
1753 3893 2093 3956 sacerdotes
2125 3896 2335 3958 tailliis
2364 3905 2427 3959 et
2452 3899 2893 3965 exactionibus

582 3998 839 4125 gravare
864 3982 1422 4058 praesumant—eos
1449 3974 1557 4055 qui
1584 3996 1621 4038 a
1646 3975 1830 4037 modo
1869 3974 1991 4037 ista
2032 3978 2441 4041 commiserint
2481 3979 2893 4046 anathemate

626 4061 871 4125 uximus
898 4057 1220 4122 feriendos.

666 4228 758 4287 13.
805 4237 947 4285 xxr.
1006 4219 1166 4283 Cum
1223 4218 1290 4279 in
1343 4218 1551 4280 officiis
1606 4218 1876 4281 caritatis
1930 4218 2128 4300 primo
2180 4220 2314 4283 loco
2376 4229 2696 4285 teneamur
2748 4226 2891 4289 illis

581 4305 848 4381 obnoxii,
879 4324 917 4367 a
943 4302 1166 4384 quibus
1206 4299 1567 4362 beneficium
1606 4320 1719 4361 nos
1760 4302 2174 4382 cognoscimus
2223 4303 2535 4384 accepisse,
2568 4323 2603 4366 e
2640 4314 2887 4383 contra,

1101 4431 1123 4530 Ξ
1157 4430 1295 4548 gnos
1315 4430 1557 4548 insecrted
1580 4432 1723 4494 here,
1749 4432 1852 4484 but
1874 4432 2075 4498 clearly
2096 4432 2153 4485 in
2176 4448 2339 4485 error.

1213 4512 1410 4561 spemn
1435 4512 1517 4549 ur.
