3075 5009
617 478 742 543 398
1270 498 1743 547 01111οω1011
1774 498 2239 549 nmvmsnsn.

614 652 1027 731 Reythesdale
1069 653 1304 715 Simoni
1345 653 1422 715 de
1450 653 1579 715 Ver
1618 663 1683 715 et
1722 654 2063 718 haeredibus
2102 656 2244 731 suis,
2276 676 2389 737 pro
2428 658 2742 737 praedicto
2770 660 2921 721 Wil-

613 732 795 795 lelmo
843 734 920 796 de
978 735 1241 815 Mubray
1297 752 1362 797 et
1413 734 1757 797 haeredibus
1810 738 1953 812 suis,
2002 738 2069 798 xi
2096 758 2138 800 s.
2188 745 2252 798 et
2292 739 2401 799 viii
2428 739 2487 801 d.
2540 740 2629 802 ad
2678 742 2917 802 festum

611 814 671 877 S.
703 815 978 891 Martini,
1010 824 1074 878 et
1112 816 1421 877 Willelmo
1470 817 1797 879 Malebisse
1842 826 1907 879 et
1954 818 2297 881 haeredibus
2344 822 2489 895 suis,
2532 842 2653 901 pro
2706 823 2917 884 Parva

611 897 1036 975 Reythesdale‚
1065 898 1382 959 dimidiam
1410 917 1677 959 marcam
1703 900 1940 979 argenti
1980 900 2061 961 ad
2104 902 2365 963 eundem
2404 906 2771 979 terminum,
2804 926 2919 984 pro

609 980 776 1040 omni
829 979 1095 1041 servitio.
1182 979 1266 1039 Et
1313 980 1641 1057 praedictus
1690 980 2037 1042 willelmus
2082 982 2163 1044 de
2215 982 2487 1063 Mubray
2537 983 2908 1069 [wan-mgis}

607 1060 692 1121 Et
746 1080 856 1140 pro
912 1061 1024 1121 hac
1079 1060 1507 1141 recognitione,
1561 1070 1694 1137 etc„
1751 1062 1917 1123 idem
1971 1062 2182 1125 Abbas
2250 1066 2547 1125 concessit
2602 1067 2916 1145 praedicto

609 1141 918 1203 Willelmo
971 1142 1048 1203 de
1103 1142 1366 1221 Mubray
1408 1144 1746 1205 manerium
1785 1143 1864 1204 de
1905 1144 2157 1205 Foxton-
2200 1145 2267 1206 in
2308 1146 2719 1223 Clivelandia,
2768 1170 2913 1210 cum

685 1224 1015 1298 rtinenciis,
1046 1231 1112 1284 et
1157 1223 1311 1284 illud
1359 1224 1596 1285 remisit
1642 1233 1708 1286 et
1751 1226 2028 1306 quietum
2070 1227 2357 1287 clamavit
2397 1227 2476 1289 de
2520 1248 2585 1288 se
2630 1276 2646 1291 .
2696 1278 2711 1291 .
2761 1276 2777 1290 .
2828 1230 2915 1291 Et

603 1244 871 1366 &eclesia
897 1326 1008 1365 sua
1046 1305 1336 1385 praedicto
1366 1304 1677 1367 Willelmo
1704 1305 1783 1367 de
1826 1306 2091 1385 Mubray
2118 1316 2184 1368 et
2223 1308 2571 1371 haeredibus
2614 1312 2749 1371 suis
2792 1312 2913 1372 im·

605 1397 982 1468 perpetuum.

687 1604 781 1663 75.
829 1600 1114 1683 [Chal-ter
1139 1597 1298 1673 Bon,
1333 1601 1409 1659 36
1454 1598 1652 1693 Hem..
1678 1614 1776 1660 111.
1854 1598 2056 1741 12529,
2101 1620 2181 1663 m.
2215 1599 2303 1683 7.]
2384 1600 2509 1662 Pro
2550 1602 2811 1665 Abbate
2846 1612 2911 1665 et

1373 1679 1687 1741 monaclus
1714 1680 1793 1741 de
1880 1681 2001 1742 wal
2026 1684 2107 1741 e.1

683 1786 819 1848 Rex
848 1785 1332 1865 Archiepiscopis
1361 1832 1374 1847 .
1407 1832 1422 1847 .
1459 1834 1472 1847 .
1505 1786 1723 1849 Sciatis
1756 1806 1869 1848 nos
1897 1787 2131 1848 intuitu
2158 1787 2276 1848 Dei
2304 1795 2369 1849 et
2394 1809 2509 1868 pro
2548 1790 2756 1851 salute
2786 1838 2803 1852 .
2836 1839 2849 1851 .
2882 1838 2897 1849 .

601 1870 984 1930 confirmasse
1010 1867 1144 1928 Deo
1171 1874 1236 1926 et
1265 1866 1328 1927 B.
1363 1867 1575 1929 Mariae
1603 1876 1667 1928 et
1691 1868 1919 1929 Abbati
1949 1869 2025 1929 de
2054 1868 2350 1947 Ryevalle
2378 1918 2392 1931 .
2426 1918 2440 1931 .
2474 1917 2488 1930 .
2528 1871 2903 1933 donationes

601 1957 664 2011 et
691 1949 1100 2011 concessiones
1141 1948 1527 2027 subscriptas,
1561 1950 1647 2009 eis
1675 1950 2120 2011 rationabiliter
2154 1949 2345 2011 factas
2371 1952 2436 2012 in
2478 1951 2898 2029 elemosinam,

601 2032 736 2105 viz„
768 2030 846 2092 de
875 2031 1036 2091 dono
1069 2028 1360 2090 willelmi
1389 2030 1467 2091 de
1494 2029 1773 2091 Boscisco
1801 2039 1925 2092 tres
1952 2031 2205 2093 bovatas
2232 2039 2427 2105 terrae,
2452 2053 2590 2093 cum
2618 2036 2806 2095 tostis
2834 2044 2900 2096 et

599 2113 808 2174 croftis
851 2121 916 2173 et
959 2111 1238 2172 omnibus
1281 2112 1689 2189 pertinenciis,
1733 2112 1800 2173 in
1842 2112 2040 2173 Parva
2079 2111 2370 2191 Buskeby
2418 2114 2485 2174 in
2527 2114 2863 2179 Cliveland
2882 2140 2900 2177 ε

597 2193 694 2255 De
733 2194 896 2253 dono
939 2194 1203 2254 Simonis
1248 2192 1357 2252 filii
1385 2192 1668 2254 Gaufridi
1709 2192 1766 2253 le
1793 2192 1943 2254 Bret
1982 2193 2059 2254 de
2089 2194 2428 2255 Karletona
2464 2204 2593 2255 tres
2634 2196 2897 2259 bovatas

597 2283 792 2352 terrae,
837 2294 978 2335 cum
1017 2275 1298 2336 omnibus
1337 2274 1745 2353 pertinenciis,
1791 2273 1857 2334 in
1902 2274 2239 2336 Karletona
2280 2275 2342 2335 in
2387 2275 2713 2337 Cliveland
2755 2298 2896 2357 quae

596 2357 802 2437 jacent
840 2358 1003 2417 inter
1045 2365 1269 2417 terram
1297 2356 1552 2416 Roberti
1593 2354 1651 2416 le
1693 2355 1844 2417 Bret
1884 2362 1949 2417 et
1990 2366 2217 2417 terram
2260 2376 2398 2436 quse
2438 2358 2562 2418 fuit
2588 2356 2895 2421 Willelmi

596 2438 895 2519 Ingeram,
928 2457 1064 2498 cum
1107 2438 1280 2497 tostis
1323 2445 1386 2497 et
1428 2436 1637 2497 croftis
1665 2456 1801 2516 quse
1842 2436 2047 2517 jacent
2088 2458 2165 2498 ex
2194 2438 2521 2516 aquilonali
2564 2450 2747 2517 parte
2776 2443 2894 2501 viae

640 2540 720 2580 ua
773 2520 900 2580 itur
953 2518 1031 2579 de
1077 2518 1415 2579 Karletona
1460 2537 1671 2579 versus
1717 2518 2037 2597 Fayceby:
2093 2519 2189 2580 De
2236 2518 2399 2579 dono
2446 2519 2489 2581 J
2492 2520 2759 2583 ohannis
2814 2523 2893 2583 de

595 2540 724 2661 111611
769 2602 986 2680 oberge
1005 2599 1168 2660 illam
1190 2598 1506 2660 dimidiam
1533 2606 1875 2660 carucatam
1895 2608 2091 2674 terrae,
2114 2620 2252 2661 cum
2274 2600 2445 2661 tostis
2473 2612 2535 2661 et
2564 2603 2803 2681 croftis,
2829 2606 2893 2665 in

595 2681 728 2742 Kar
753 2698 949 2756 etona,
982 2690 1236 2760 excepta
1275 2700 1400 2741 una
1426 2700 1565 2741 acra
1590 2689 1767 2741 terrae
1795 2690 1861 2741 et
1886 2680 2141 2743 dimidia
2166 2682 2230 2741 in
2260 2682 2469 2743 eadem
2498 2682 2663 2756 villa,
2699 2704 2889 2763 quam

596 2762 941 2823 Willelmus
971 2762 1131 2823 filius
1161 2762 1311 2823 Adae
1337 2761 1415 2822 de
1447 2762 1775 2843 Hestinges
1802 2762 2084 2823 vendidit
2110 2762 2305 2823 eidem
2343 2762 2616 2824 Johanni
2640 2789 2653 2825 ε
2700 2765 2789 2827 Et
2814 2767 2891 2827 de

594 2844 759 2906 dono
787 2845 1062 2923 ejusdem
1082 2844 1125 2905 J
1129 2844 1386 2905 ohannis
1405 2863 1675 2904 annuum
1697 2843 2008 2904 redditum
2028 2843 2299 2905 dimidiae
2314 2864 2529 2905 marcae
2555 2845 2621 2905 in
2644 2845 2689 2906 J
2694 2868 2889 2923 arum,

641 2946 778 2986 uam
825 2926 1062 2987 Alanus
1109 2925 1187 2985 de
1237 2924 1403 2985 Hille
1457 2924 1766 3003 quondam
1820 2926 2061 2985 tenuit:
2117 2925 2211 2986 De
2266 2926 2428 2987 dono
2477 2926 2727 2987 Radulfi
2780 2929 2889 2990 filii

595 2946 888 3067 &villelmi
917 3007 1027 3068 filii
1056 3006 1332 3068 Gocelini
1362 3006 1582 3085 viginti
1624 3014 1688 3065 et
1726 3005 1878 3067 duas
1919 3026 2090 3067 acras
2129 3016 2307 3067 terrae
2350 3054 2364 3068 .
2411 3054 2425 3068 .
2472 3054 2487 3069 .
2532 3008 2599 3067 in
2642 3008 2891 3090 Majore

596 3088 912 3167 Her-lesey,
943 3108 1094 3167 quas
1121 3088 1427 3149 Robertus
1466 3086 1546 3147 de
1572 3086 1870 3147 Edesford
1912 3087 2221 3167 quondam
2258 3089 2460 3149 tenuit
2486 3088 2563 3149 de
2604 3090 2749 3169 ipso
2777 3092 2891 3152 Ra-

594 3170 768 3231 dulfo
810 3190 916 3248 per
957 3169 1394 3249 cirographum,
1439 3188 1579 3229 cum
1619 3167 1779 3229 tofto
1808 3176 1872 3229 et
1918 3169 2113 3229 crofto
2153 3189 2289 3248 quae
2328 3170 2580 3230 fuerunt
2626 3174 2889 3252 capitale

593 3252 968 3330 mesuagium
997 3252 1185 3330 ipsius
1203 3250 1464 3320 Radulfi,
1483 3259 1549 3310 et
1573 3268 1759 3310 unam
1786 3270 1983 3310 acram
2008 3251 2166 3330 prati
2194 3259 2261 3311 et
2280 3250 2595 3311 dimidiam
2620 3252 2683 3312 in
2718 3255 2889 3315 terri-

592 3333 750 3394 torio
789 3331 1063 3413 ejusdem
1091 3332 1267 3406 villae,
1299 3340 1363 3392 et
1389 3339 1584 3392 totam
1610 3329 1778 3391 illam
1806 3332 2164 3411 particulam
2193 3333 2350 3410 prati
2376 3352 2513 3411 quse
2555 3334 2727 3411 jacet
2752 3356 2888 3396 con-

592 3413 765 3495 tigua
802 3424 981 3475 terrae
1009 3414 1432 3493 praedictorum
1459 3411 1901 3473 Monachorum
1932 3433 2111 3492 quam
2144 3413 2373 3473 habent
2398 3414 2475 3474 de
2504 3414 2887 3479 Monialibus

594 3496 672 3557 de
721 3497 1004 3575 Marrige,
1055 3515 1190 3574 quae
1217 3506 1469 3555 vocatur
1509 3492 1899 3572 Reynerflat:
1941 3494 2037 3555 De
2082 3494 2244 3556 dono
2272 3495 2525 3556 Henrici
2568 3495 2681 3556 filii
2722 3498 2885 3559 Gau-

595 3578 737 3639 fridi
767 3579 844 3639 de
873 3577 1312 3655 Scartheburge
1340 3584 1533 3636 totam
1576 3583 1802 3636 terram
1842 3574 2009 3636 illam
2037 3576 2101 3635 in
2131 3575 2279 3637 villa
2303 3577 2381 3637 de
2410 3576 2881 3659 Scartheburge,

595 3679 730 3720 cum
779 3659 1046 3720 aedificiis
1099 3666 1164 3718 et
1205 3656 1595 3737 pertinenciis
1639 3656 1780 3730 suis,
1832 3676 1967 3735 quse
2006 3656 2170 3735 jacet
2216 3658 2376 3718 inter
2420 3668 2651 3719 terram
2698 3680 2884 3739 quam

595 3740 778 3820 Hngo
805 3739 1134 3802 Aur-isaber
1171 3738 1372 3800 tenuit
1399 3746 1464 3799 et
1502 3746 1728 3799 terram
1767 3758 1954 3817 quam
1981 3737 2280 3798 Ricardus
2319 3738 2527 3819 Gegge
2569 3743 2783 3802 tenuit
2820 3742 2883 3803 in

592 3821 745 3884 Vico
786 3821 1170 3882 carnificum:
1213 3820 1309 3881 De
1349 3818 1511 3881 dono
1538 3819 1809 3898 Rayneri
1848 3820 1925 3880 de
1966 3819 2410 3899 Scartheburge
2451 3820 2605 3881 illud
2650 3824 2883 3885 toftum

591 3904 654 3965 in
701 3902 1161 3981 Stainardegate
1209 3922 1346 3961 cum
1387 3900 1605 3962 celer-io
1660 3908 1725 3961 et
1764 3898 1984 3961 solario
2025 3912 2089 3961 et
2130 3902 2363 3963 caeteris
2412 3901 2698 3964 domibus
2746 3925 2881 3984 quse

591 3986 726 4047 sitae
773 3993 918 4046 sunt
958 3985 1121 4044 inter
1160 3982 1408 4043 domum
1453 3982 1678 4061 Rogeri
1726 3982 1934 4042 fratris
1982 3984 2187 4060 Aycus
2232 3992 2297 4044 et
2344 3982 2627 4055 Hugonis
2668 3986 2881 4065 generi

591 4066 890 4130 Gamelli:
946 4065 1042 4127 De
1082 4065 1245 4126 dono
1289 4063 1554 4125 Simonis
1597 4062 1655 4124 le
1699 4063 1924 4138 Berier,
1977 4064 2248 4139 senioris,
2301 4064 2380 4124 de
2428 4064 2879 4149 Scartheburge

589 4158 784 4211 totam
827 4158 1059 4210 curtem
1098 4146 1268 4208 illam
1306 4145 1571 4225 plenarie
1599 4164 1735 4223 quae
1775 4144 1936 4223 jacet
1971 4144 2037 4206 in
2076 4144 2402 4207 latitudine
2442 4147 2605 4206 inter
2642 4160 2879 4209 curtem

593 4231 884 4292 Willelmi
924 4230 1002 4291 de
1043 4228 1440 4306 Rullingtona
1480 4234 1545 4287 et
1592 4234 1822 4288 curtem
1870 4225 2172 4287 Johannis
2213 4225 2290 4287 de
2338 4227 2644 4306 Barneby,
2698 4238 2763 4290 et
2816 4231 2877 4291 in

589 4312 970 4394 longitudine
1011 4331 1048 4371 a
1083 4317 1252 4371 curte
1293 4308 1332 4369 J
1337 4307 1595 4369 ohannis
1635 4307 1748 4369 filii
1801 4308 2059 4369 Gerar-di
2102 4328 2293 4388 usque
2334 4308 2413 4369 ad
2462 4309 2627 4369 viam
2664 4320 2877 4372 contra

655 4454 674 4488 ¹
707 4456 818 4507 But
853 4454 937 4505 for
976 4452 1070 4505 the
1150 4468 1359 4502 ressure
1397 4450 1482 4501 for
1516 4466 1675 4516 space
1788 4449 2153 4501 confirmation
2170 4450 2359 4501 should
2370 4450 2647 4503 havebeen
2656 4453 2871 4519 printed

587 4522 699 4573 this
720 4523 1017 4587 important
1048 4535 1114 4569 an
1183 4522 1325 4568 most
1355 4515 1677 4583 interesting
1786 4516 1845 4565 in
1866 4516 1961 4568 the
1982 4516 2176 4567 earlier
2196 4523 2321 4583 part
2340 4516 2398 4568 of
2418 4518 2515 4569 the
2534 4518 2765 4570 volume.

3050 2186 3052 2247 ι
