3075 5009
552 491 581 552 1
594 492 629 552 8
638 491 677 552 8
1202 499 1678 552 camanum
1705 499 2178 551 mVALLnusr..

550 661 885 738 Praeterea,
915 659 1151 725 dilecte
1178 659 1253 724 in
1280 657 1564 724 Domino
1594 658 1709 737 fili,
1735 656 2064 746 A[ilrede]
2092 657 2336 736 Abbas,
2357 657 2738 744 religionem
2767 657 2855 722 in

550 746 967 812 Monastcriis
1010 746 1247 833 quibus
1294 767 1567 830 praeesse
1612 746 1966 812 dinosceris
1993 743 2225 832 [159⁶]
2243 745 2602 812 stabilitam
2644 746 2853 831 profi-

550 855 693 900 cere
720 835 793 899 in
812 834 1099 898 Domino
1128 831 1480 918 cupientes,
1510 834 1861 898 statuimus
1887 837 1968 899 'ut
1995 833 2066 898 in
2095 834 2400 899 omnibus
2419 831 2854 898 Monasteriis

550 942 697 1007 quae
726 921 808 986 de
837 921 1235 986 Monasterio
1264 921 1372 984 cui
1409 920 1715 1005 praesides
1751 925 1912 985 sunt
1935 941 2208 1005 egressa,
2235 927 2306 986 et
2331 919 2538 1022 inhis
2564 939 2714 1004 quae
2759 919 2854 985 de

551 1008 821 1093 egressis
850 1008 932 1073 ab
962 1008 1187 1073 eodem
1226 1006 1626 1072 Monasterio
1654 1006 2053 1092 prodierunt,
2081 1014 2220 1072 tam
2245 1006 2330 1072 de
2358 1005 2519 1092 ipsis
2546 1006 2852 1091 personis

550 1115 749 1180 quam
793 1094 876 1160 de
920 1096 1112 1160 rebus
1155 1095 1722 1174 Monastcriorum,
1741 1095 1936 1177 juxta
1983 1093 2512 1160 cisterciensium
2561 1095 2854 1158 fratrum

550 1182 1051 1260 institutionem,
1094 1181 1476 1266 disponendi
1528 1187 1597 1248 et
1635 1179 1976 1246 ordinandi
2025 1179 2298 1246 liberam
2345 1179 2586 1246 habeas
2635 1180 2854 1246 facul-

550 1275 771 1334 tatem.
882 1268 1196 1334 Praesenti
1254 1288 1511 1353 quoque
1573 1268 1830 1333 decreto
1887 1267 2215 1334 sancimus
2271 1273 2351 1333 ut
2406 1265 2713 1353 Episcopi
2768 1267 2853 1332 in

552 1376 827 1440 quorum
872 1355 1345 1440 episcopatibus
1389 1355 1788 1421 Mona-steria
1815 1361 2034 1420 vestra
2075 1353 2462 1432 consistunt,
2486 1375 2608 1420 nec
2649 1374 2850 1438 regu-

552 1443 754 1507 larem
799 1449 867 1508 et
909 1443 1286 1508 canonicam
1330 1441 1714 1509 electionem
1742 1441 2024 1517 Abbatis
2051 1443 2256 1508 vestri
2296 1461 2611 1526 umquam
2641 1442 2850 1526 impe-

553 1529 753 1607 diant,
801 1550 921 1595 nec
968 1529 1048 1594 de
1100 1529 1486 1594 removendo
1538 1549 1616 1594 ac
1663 1528 2044 1614 deponendo
2095 1549 2173 1594 eo
2221 1527 2340 1613 qui
2389 1548 2509 1614 pro
2549 1534 2850 1612 tempore

551 1617 765 1694 fuerit,
810 1621 1035 1682 contra
1078 1623 1326 1681 statuta
1370 1616 1898 1682 Cisterciensium
1949 1614 2234 1694 Ordinis,
2279 1620 2349 1682 et
2389 1615 2851 1681 auctoritatem

550 1703 1035 1789 privilegiorum
1076 1723 1360 1781 suorum,
1388 1723 1459 1768 sc
1502 1703 1832 1769 ullatenus
1859 1703 2346 1768 intromittant
2409 1700 2847 1768 Decernimus

552 1810 701 1875 ergo
744 1798 823 1856 ut
865 1790 1034 1855 nulli
1079 1791 1341 1856 omnino
1381 1790 1724 1855 hominum
1755 1790 1952 1856 liceat
1990 1789 2338 1875 praefatum
2367 1789 2850 1854 Monasterium

553 1884 792 1942 temere
840 1877 1235 1962 perturbare,
1282 1885 1402 1942 aut
1447 1876 1588 1960 ejus
1641 1877 2075 1962 possessiones
2126 1877 2395 1953 auferre,
2435 1876 2546 1942 vel
2589 1875 2848 1942 ablatas

552 1965 845 2043 retinere,
890 1965 1197 2042 minuere,
1242 1984 1358 2029 seu
1401 1963 1803 2048 quibuslibet
1844 1964 2298 2031 vexationibus
2341 1966 2676 2050 frangere:
2729 1963 2849 2029 sed

552 2051 771 2116 omnia
798 2053 1051 2137 integra
1080 2058 1542 2116 conserventur
1569 2071 1790 2116 eorum
1819 2071 1935 2134 pro
1965 2071 2242 2136 quorum
2269 2051 2734 2136 gubernatione
2768 2071 2851 2116 ac

553 2137 1023 2203 sustentatione
1052 2157 1354 2203 concessa
1380 2145 1537 2203 sunt
1559 2137 1784 2203 usibus
1814 2138 2203 2203 omnimodis
2219 2137 2849 2222 profutura-Salva

553 2225 625 2288 in
670 2225 973 2290 omnibus
1000 2225 1394 2309 Apostolicae
1423 2225 1610 2291 Sedis
1654 2226 2038 2290 auctoritate
2073 2232 2140 2291 et
2181 2224 2508 2290 diocesani
2535 2223 2850 2309 Episcopi

555 2311 863 2376 canonica
892 2311 1169 2394 justitia.
1260 2313 1330 2378 Si
1360 2332 1491 2397 qua
1518 2312 1722 2397 igitur
1745 2310 1819 2377 in
1847 2312 2146 2377 futurum
2189 2311 2623 2378 ecclesiastica
2649 2331 2852 2376 saecu-

552 2397 791 2464 larisve
847 2419 1137 2483 persona,
1194 2399 1364 2464 hanc
1422 2407 1656 2464 nostrae
1713 2398 2199 2464 constitutionis
2254 2399 2563 2484 paginam
2612 2399 2848 2477 sciens,

555 2492 779 2550 contra
823 2507 967 2550 eam
1010 2493 1255 2552 temere
1282 2487 1505 2552 venire
1547 2485 1980 2570 temptaverit,
2021 2486 2322 2563 secundo,
2349 2486 2626 2552 tertiove
2667 2505 2847 2550 com-

558 2572 825 2652 monita,
868 2573 996 2638 nisi
1040 2574 1612 2658 praesumptionem
1655 2593 1842 2638 suam
1891 2593 2174 2658 congrua
2223 2571 2662 2639 satisfactione
2713 2593 2850 2637 cor-

560 2661 818 2738 rexerit,
847 2661 1189 2744 potestatis
1232 2660 1623 2746 honorisque
1668 2659 1772 2724 sui
1805 2659 2124 2744 dignitate
2166 2667 2400 2738 careat,
2423 2679 2731 2745 reamque
2773 2679 2848 2726 se

560 2747 783 2812 divino
825 2747 1075 2830 judicio
1119 2747 1397 2812 existere
1426 2747 1505 2812 de
1534 2753 1903 2831 perpetrata
1931 2745 2282 2831 iniquitate
2307 2753 2670 2832 cognoscat,
2697 2753 2767 2812 et
2807 2767 2850 2812 a

561 2833 981 2899 Sanctissimo
1013 2834 1292 2918 Corpore
1336 2841 1403 2900 et
1450 2835 1778 2919 Sanguine
1806 2831 1936 2899 Dei
1979 2839 2047 2900 et
2075 2834 2348 2898 Domini
2391 2833 2848 2918 Redemptoris

560 2921 783 2999 nostri,
830 2921 877 2985 J
878 2921 1041 2986 hesu
1094 2920 1359 2999 Christi,
1408 2920 1624 2986 aliena
1673 2921 1789 2986 fiat
1837 2927 2036 3004 atque
2078 2921 2153 2985 in
2198 2919 2682 3008 ex[160]tremo
2731 2940 2846 2985 ex-

558 3005 775 3072 amine
803 3007 1043 3072 divinae
1072 3007 1310 3072 ultioni
1336 3009 1678 3092 subjaceat.
1771 3007 2042 3073 Cunctis
2071 3013 2292 3074 autem
2321 3007 2531 3074 cidem
2558 3007 2698 3072 loco
2727 3027 2850 3072 sua

553 3095 704 3177 jura
732 3095 1141 3160 servantibus
1171 3095 1259 3160 sit
1286 3115 1417 3180 pax
1446 3093 1717 3159 Domini
1744 3094 1967 3173 nostri,
1995 3095 2044 3160 J
2046 3094 2208 3160 hesu
2238 3095 2504 3172 Christi,
2532 3095 2847 3178 quatinus

558 3187 637 3245 ut
680 3180 787 3246 hic
830 3182 1116 3246 fructum
1158 3181 1345 3246 bonae
1387 3181 1661 3246 actionis
1707 3181 2084 3266 percipiant,
2112 3189 2214 3260 et,
2253 3182 2431 3267 apud
2475 3181 2848 3247 districtum

558 3269 605 3333 J
608 3268 865 3333 udiccm
884 3269 1150 3352 praemia
1170 3275 1426 3334 aeternae
1446 3269 1624 3353 pacis
1645 3267 2002 3334 inveniant.
2053 3269 2288 3334 Amen.
2334 3269 2566 3335 Amen.
2609 3269 2844 3334 Amen.

559 3354 809 3420 Datum
837 3356 1157 3440 Anagniae
1198 3375 1315 3440 per
1355 3377 1625 3421 manum
1669 3354 2052 3432 Hei-manni,
2093 3356 2161 3421 S.
2199 3355 2510 3422 Romanas
2539 3355 2846 3422 Ecclesiae

562 3441 953 3507 Subdiaconi
998 3449 1065 3508 et
1093 3443 1162 3507 N
1162 3442 1367 3520 otarii,
1398 3443 1507 3508 xii.
1540 3442 1667 3508 kal.
1699 3442 2098 3520 Decembris,
2129 3442 2335 3508 Indic.
2365 3443 2454 3522 ix,
2485 3443 2845 3508 Incarnati-

559 3529 703 3594 onis
746 3530 1111 3596 Dominicae
1152 3531 1253 3594 Μο
1270 3539 1333 3595 c⁰
1350 3531 1466 3609 lx0,
1513 3529 1938 3595 Pontificatus
1981 3549 2133 3596 vero
2172 3529 2445 3595 Domini
2486 3529 2846 3594 Alexandri

560 3616 756 3702 Papae
782 3617 873 3683 iij.
904 3617 997 3682 A⁰
1025 3617 1321 3682 secundo.
2295 3643 2300 3646 ·

224 3737 361 3789 Pap-1
377 3747 477 3781 con·

222 3788 517 3892 ξὲξᾞζξὲοξ
648 3790 865 3858 CCLI.
925 3807 1110 3858 ccxv,
1180 3791 1459 3858 Dilectis
1530 3789 1682 3855 filiis
1743 3790 2029 3867 Silvano,
2086 3789 2347 3868 Abbati,
2403 3796 2476 3856 et
2531 3791 2846 3856 fratribus

221 3891 515 3982 ffioutissm
560 3877 1081 3944 Rievallensibus
1124 3927 1139 3944 .
1186 3929 1199 3944 .
1248 3929 1263 3944 .
1309 3880 1356 3945 J
1358 3878 1523 3944 ustis
1554 3877 1919 3962 petentium
1950 3877 2286 3943 desideriis
2315 3875 2588 3963 dignum
2609 3883 2710 3942 est
2728 3897 2844 3943 nos

221 3993 440 4084 ffissffi}
450 3991 507 4084 Ὦ
560 3965 817 4030 facilem
847 3966 1130 4050 praebere
1172 3986 1579 4041 consensum,
1607 3972 1676 4030 et
1705 3964 1836 4050 [ut]
1869 3971 2026 4030 vota
2054 3985 2200 4049 quae
2228 3984 2269 4030 a
2290 3965 2563 4030 rationis
2584 3964 2844 4030 tramite

222 4093 303 4134 a„
318 4092 459 4134 mh„
560 4072 693 4116 non
722 4052 1095 4118 discordant
1114 4053 1347 4119 effectu
1372 4053 1505 4117 sint
1526 4058 1956 4136 prosequente
1977 4051 2380 4136 complenda.
2467 4053 2844 4136 Eapropter,

220 4143 428 4236 W
444 4144 493 4185 ¹1²
558 4137 784 4204 dilecti
810 4139 880 4204 in
925 4141 1209 4206 Domino
1240 4140 1379 4218 filii,
1408 4138 1642 4204 vestris
1680 4138 1879 4222 justis
1907 4137 2454 4224 postulationibus
2481 4144 2664 4224 grato
2695 4159 2844 4204 con·

221 4203 443 4296 ειειιιὲἷιι,
558 4233 889 4293 currentes
918 4248 1203 4305 assensu,
1225 4227 1760 4310 compositionem
1787 4225 1960 4291 inter
1980 4247 2098 4291 vos
2125 4236 2195 4292 et
2220 4225 2580 4292 Ecclesiam
2605 4226 2689 4292 de
2719 4226 2844 4292 Lec

220 4295 519 4388 ‘fiffiffiffm’
558 4335 754 4400 super
807 4315 1089 4380 decimas
1147 4315 1229 4379 de
1290 4314 1604 4391 Crossebi,
1655 4321 1724 4378 et
1743 4399 1758 4414 ·
1781 4313 2316 4397 compositionem
2371 4313 2548 4378 inter
2601 4333 2720 4378 vos
2778 4320 2842 4378 et

220 4397 415 4488 ᾓθξῇξῑ
426 4397 516 4439 ⁸¹²‘¹
557 4401 913 4468 Ecclesiam
943 4401 1025 4467 de
1056 4401 1365 4467 Scaltuna
1395 4421 1590 4484 supra
1618 4400 1902 4466 declmas
1934 4399 2015 4464 de
2045 4399 2354 4465 Staintun
2384 4407 2452 4466 et
2483 4399 2842 4466 Oswaldes·

220 4498 407 4541 mer-eh·
556 4487 817 4575 henges,
859 4489 1393 4575 compositionem
1452 4488 1624 4553 inter
1666 4507 1784 4554 vos
1827 4495 1896 4553 ct
1953 4486 2313 4554 Ecclesiam
2353 4487 2437 4554 de
2495 4487 2842 4572 Pikeringe
