3075 5009
912 531 1382 581 canrunamuu
1412 531 1879 582 manasses.
2413 502 2534 583 195

252 689 459 754 carior
531 697 599 755 et
670 689 991 773 acceptior
1047 710 1185 756 esse
1256 690 1580 774 probatur,
1655 689 2046 755 fraternitati
2117 695 2351 756 vestrae
2423 711 2539 776 per

250 777 632 861 Apostolica
682 776 925 860 scripta
974 777 1354 842 mandamus
1407 778 1718 861 quatinus
1765 777 1936 842 infra
1995 798 2132 841 xxx
2192 777 2331 843 dies
2388 783 2537 863 post

252 862 488 927 harum
555 865 1047 947 susceptionem,
1105 863 1442 948 praedictos
1502 865 1678 929 viros
1745 864 2021 929 sollicite
2078 864 2409 943 moveatis,
2468 871 2538 930 et

252 949 545 1015 districte
587 951 973 1016 auctoritate
1015 957 1235 1016 nostra
1280 951 1700 1036 compellatis,
1743 959 1821 1017 ut
1865 951 2134 1035 praefato
2176 952 2424 1016 Abbati
2467 959 2536 1018 et

252 1037 565 1102 fratribus
594 1058 875 1116 nemora,
904 1037 1181 1115 novalia,
1210 1045 1445 1103 terram
1468 1045 1535 1102 et
1565 1046 1796 1104 caetera
1824 1036 2059 1115 ablata,
2089 1039 2228 1103 sine
2258 1059 2438 1104 mora
2467 1045 2536 1104 et

252 1123 634 1190 difficultate
660 1125 1027 1202 restituant,
1069 1132 1135 1190 et
1164 1125 1235 1189 in
1277 1145 1437 1209 pace
1478 1125 1782 1210 deinceps
1827 1131 1893 1189 et
1936 1126 2153 1209 quiete
2183 1125 2536 1205 dimittant,

250 1210 536 1296 dampna
552 1211 705 1276 data
724 1213 1090 1288 resarciant,
1112 1211 1220 1276 vel
1236 1212 1307 1276 in
1328 1212 1672 1296 praesentia
1700 1219 1916 1277 vestra
1936 1213 2196 1296 plenam
2221 1233 2415 1297 super
2430 1213 2534 1279 his

251 1298 555 1363 omnibus
577 1299 903 1383 justitiam
928 1299 1292 1363 exhibeant.
1382 1299 1455 1364 Si
1482 1305 1701 1364 autem
1729 1299 1996 1364 monitis
2017 1300 2254 1365 nostris
2284 1300 2531 1366 obtem-

250 1405 473 1469 perare
532 1386 1055 1470 contempserint,
1106 1405 1231 1464 eos,
1288 1392 1507 1450 nostra
1573 1386 1724 1450 freti
1795 1387 2198 1464 auctoritate,
2256 1387 2534 1472 publice,

249 1473 535 1537 accensis
565 1473 869 1551 candelis,
898 1471 1488 1550 excommunicetis,
1504 1479 1573 1537 et
1599 1478 1836 1538 terram
1865 1493 2086 1538 eorum
2115 1473 2532 1552 interdicatis,

250 1564 318 1622 et
368 1559 428 1624 si
478 1560 549 1623 in
608 1560 1270 1625 excommunicatione
1326 1559 1718 1625 decesserint
1776 1561 1869 1625 eis
1928 1560 2329 1645 sepulturam
2383 1581 2531 1647 pro·

251 1645 531 1711 hibeatis
605 1647 1103 1712 ecclesiasticam
1157 1645 1507 1731 indulgere.
1627 1647 1946 1712 Praeterea
2002 1647 2083 1713 de
2143 1647 2389 1732 Rogero
2448 1648 2530 1714 de

250 1732 535 1798 Molbrai
562 1741 631 1798 et
672 1735 739 1797 N
738 1733 948 1819 igello‚
976 1733 1111 1798 filio
1155 1733 1313 1818 ejus,
1340 1733 1556 1798 Alano
1598 1732 1681 1800 de
1723 1733 2111 1811 Bulefordia,
2139 1735 2421 1800 Roberto
2450 1735 2530 1801 de

250 1819 457 1898 Vado,
487 1819 767 1885 Radulfo
811 1822 1007 1886 fratre
1037 1822 1194 1906 ejus,
1224 1827 1291 1884 et
1332 1821 1656 1885 Everardo
1687 1821 1767 1886 de
1797 1822 1944 1898 Ros,
1990 1829 2056 1886 et
2085 1822 2366 1887 Roberto
2394 1821 2530 1887 filio

248 1905 511 1984 Ernisii,
558 1908 688 1971 nisi
729 1907 1055 1992 praedictis
1097 1907 1345 1972 Abbati
1387 1913 1454 1972 et
1496 1908 1806 1972 fratribus
1850 1907 2066 1973 ablata
2109 1909 2530 1988 restituerint,

250 1993 439 2078 [166]
492 2000 559 2058 et
604 1994 887 2078 dampna
945 1994 1096 2059 data
1152 1993 1573 2073 resarcierint,
1621 1994 1728 2060 vel
1785 1996 1907 2060 sub
1964 2000 2181 2061 vestro
2231 1996 2528 2063 examine

242 2081 523 2164 justitiae
567 2081 1040 2165 plenitudinem
1090 2081 1522 2159 exhibuerint,
1567 2083 1840 2148 eandem
1879 2083 2208 2167 justitiam
2253 2083 2525 2149 faciatis.

250 2169 502 2232 Datum
531 2167 881 2234 Tusculani
923 2219 939 2234 .
988 2216 1002 2231 .
1049 2219 1063 2234 .
1096 2190 1141 2233 x
1169 2168 1296 2234 kaL
1330 2169 1576 2235 Martii.

342 2340 808 2408 CCLXIII.1..
830 2393 844 2406 .
865 2343 1130 2428 Rogero,
1146 2343 1334 2409 Ebor.
1354 2341 1862 2427 Archiepiscopo
1885 2393 1899 2408 .
1931 2393 1944 2407 .
1978 2393 1992 2406 .
2025 2343 2523 2408 Fraternitatem
2548 2358 2614 2399 P·
2705 2333 2770 2402 ἰο-
2895 2369 2902 2381 ’

248 2435 435 2494 tuam
466 2429 630 2495 scire
658 2429 961 2494 volumus
990 2430 1262 2496 firmiter
1290 2436 1357 2496 et
1384 2438 1606 2495 tenere
1636 2429 1809 2514 quod
1840 2450 1916 2495 eo
1945 2429 2246 2494 karitatis
2273 2430 2523 2496 fervore
2548 2409 2830 2514 mima

246 2535 590 2600 personam
620 2522 802 2580 tuam
848 2517 931 2580 ob
984 2517 1393 2602 multiplicia·
1420 2523 1553 2581 tuse
1597 2517 1979 2602 gratissimae
2021 2516 2382 2582 devotionis
2413 2518 2522 2581 ob·
2550 2511 2692 2562 ‘³⁰⁸⁸'
2705 2512 2757 2552 ⁰¹

248 2603 477 2687 sequia
522 2604 709 2668 nobis
761 2604 1137 2688 frequenter
1180 2605 1454 2688 inpensa
1506 2603 1855 2688 diligimus,
1877 2608 1956 2668 ut
1992 2603 2198 2669 nichil
2241 2603 2364 2668 tibi
2406 2603 2522 2668 ali-
2547 2561 2844 2704 {Xssffr'ffgm'

248 2689 515 2774 quando
571 2690 885 2776 denegare
942 2690 1222 2756 velimus
1280 2691 1455 2776 quod
1501 2691 1774 2755 cuilibet
1819 2691 2097 2755 fratrum
2155 2698 2522 2756 nostrorum
2549 2673 2764 2764 ιηῧῗιῖιιοὲ
2777 2716 2827 2757 or

248 2779 461 2842 facere
489 2777 881 2842 deberemus,
973 2778 1058 2841 In
1078 2798 1153 2842 eo
1176 2785 1393 2843 autem
1411 2775 1585 2861 quod
1606 2777 1687 2842 de
1710 2777 2171 2862 compellendis
2192 2777 2525 2843 monachis
2547 2765 2822 2858 mm

250 2864 420 2929 albis
472 2871 542 2928 et
590 2865 809 2949 nigris,
860 2865 1189 2930 canonicis
1245 2863 1648 2950 regularibus
1695 2871 1763 2929 et
1807 2865 2240 2942 saecularibus,
2270 2865 2355 2931 ad
2399 2864 2524 2930 sol·
2551 2866 2719 2958 32:233
2729 2877 2788 2960 g}

248 2950 499 3016 vendas
527 2951 810 3016 decimas
839 2950 921 3016 de
962 2951 1149 3016 terris
1192 2951 1529 3017 conductis
1571 2971 1732 3035 quas
1775 2950 2020 3016 habent
2048 2953 2132 3017 ad
2175 2952 2527 3017 terminum
2550 2977 2640 3018 ans
2658 2968 2808 3011 order.

249 3037 362 3103 vel
392 3037 475 3102 ad
524 3038 794 3115 firmam,
839 3059 879 3103 a
922 3039 1109 3103 nobis
1154 3045 1284 3103 tuae
1313 3037 1718 3103 discretionis
1762 3039 2112 3122 prudentia
2151 3039 2528 3124 postulavit,
2724 3047 2735 3054 ’

252 3133 323 3190 te
351 3124 461 3190 vel
489 3125 693 3189 alium
738 3125 1095 3209 quemlibet
1139 3125 1360 3190 audire
1404 3124 1513 3190 vel
1559 3126 1864 3190 exaudire
1891 3125 2078 3191 nulla
2105 3127 2352 3192 ratione
2381 3147 2528 3213 pos·

252 3233 473 3278 semus
491 3212 621 3277 nisi
639 3213 981 3277 manifeste
1000 3211 1315 3278 vellemus
1333 3213 1594 3278 obviare
1608 3213 1886 3297 justitiae
1903 3221 1971 3278 et
1991 3214 2530 3298 praedecessorum

254 3305 627 3364 nostrorum
654 3299 1181 3364 institutionibus
1224 3299 1560 3376 contraire,
1591 3320 1673 3365 ne
1716 3299 2086 3365 videremur
2126 3301 2533 3384 Religionem

250 3387 560 3470 prosequi
587 3406 802 3471 quam,
830 3387 889 3452 si
918 3386 1085 3451 forte
1110 3386 1185 3450 in
1222 3387 1410 3451 nobis
1452 3407 1588 3450 non
1629 3386 1960 3464 habemus,
1990 3387 2062 3452 in
2090 3387 2236 3453 aliis
2266 3387 2534 3473 diligere

252 3478 322 3538 et
379 3474 595 3538 fovere
653 3481 963 3538 tenemur.
1083 3473 1368 3539 Cautum
1426 3472 1747 3557 siquidem
1810 3474 2088 3539 habetur
2144 3476 2215 3538 in
2275 3475 2536 3560 scriptis

249 3559 794 3645 praedecessorum
822 3567 1206 3639 nostrorum,
1235 3561 1675 3625 Romanorum
1718 3561 2125 3640 Pontificum,
2154 3561 2327 3646 quod
2359 3561 2535 3626 Reli·

250 3645 421 3731 g‘iosi
438 3647 565 3711 viri
587 3647 669 3711 ab
694 3647 1029 3712 exactione
1048 3647 1445 3712 decimarum
1466 3646 1549 3712 de
1565 3647 1892 3712 laboribus
1911 3649 2048 3713 suis
2068 3669 2232 3732 quos
2259 3649 2537 3734 propriis

250 3733 557 3798 manibus
586 3733 694 3798 vel
724 3735 1095 3820 sumptibus
1140 3735 1443 3819 colerent,
1476 3740 1546 3799 et
1588 3733 1670 3799 de
1700 3735 2122 3800 nutrimentis
2152 3735 2538 3800 animalium

251 3840 537 3897 suorum,
586 3841 845 3905 prorsus
892 3830 1109 3887 essent
1155 3822 1493 3886 immunes.
1604 3820 1718 3886 Set
1773 3823 1899 3906 piae
1945 3822 2409 3889 recordationis
2454 3823 2534 3889 A.

252 3907 449 3992 Papa,
500 3907 923 3974 dedecessor²
980 3913 1218 3984 noster,
1264 3915 1299 3942 “
1321 3907 1575 3974 labores
1598 3906 1633 3934 ’⁹
1689 3909 1764 3973 in
1815 3914 1850 3942 “
1874 3909 2136 3974 novalia
2155 3909 2188 3937 ’³
2250 3930 2368 3996 pro
2419 3931 2540 3976 sua

318 4080 341 4114 ¹
372 4081 489 4133 The
526 4081 759 4149 heading
795 4081 855 4134 of
892 4082 985 4133 the
1017 4081 1143 4134 Bull
1164 4083 1212 4133 is
1248 4085 1343 4132 cut
1454 4097 1611 4148 can-y
1633 4097 1739 4147 any
1761 4083 2382 4164 apparent'significance
2403 4085 2539 4136 with

250 4146 333 4198 off
358 4148 417 4198 in
449 4147 543 4199 the
564 4147 806 4214 binding,
830 4147 957 4210 and,
983 4163 1044 4198 so
1064 4147 1165 4209 far,
1191 4146 1343 4198 there
1455 4147 1515 4198 it.
1605 4147 1766 4198 Were
1803 4153 1852 4198 rt
1887 4148 2188 4211 otherwise,
2230 4165 2375 4200 some
2417 4150 2540 4201 idea

253 4215 300 4264 is
330 4228 402 4264 no
436 4212 745 4264 intimation
788 4212 847 4264 of
886 4229 993 4279 any
1026 4211 1160 4264 kind
1191 4227 1252 4263 as
1284 4215 1343 4262 to
1455 4211 1632 4278 might
1650 4212 1718 4262 be
1739 4211 1946 4265 formed
1966 4230 2026 4265 as
2042 4217 2101 4266 to
2117 4215 2210 4266 the
2231 4215 2380 4282 right
2400 4230 2536 4265 com·

256 4279 351 4330 the
370 4278 691 4346 authorship
709 4278 770 4329 of
789 4279 851 4330 it.
1453 4276 1660 4343 pletion
1680 4276 1737 4328 of
1757 4279 1850 4329 the
1870 4295 2026 4331 name
2057 4279 2236 4331 whose
2267 4280 2445 4331 initial
2466 4281 2532 4332 A.

1456 4358 1538 4393 we
1587 4343 1723 4393 have
1776 4343 1892 4408 just
1943 4343 2138 4396 before.
2245 4345 2358 4395 The
2411 4345 2539 4410 only

318 4407 343 4441 ²
374 4408 491 4460 The
512 4409 665 4460 word
684 4407 873 4460 stands
906 4408 1051 4472 thus,
1076 4407 1185 4459 and
1208 4423 1341 4473 very
1454 4408 1730 4474 pertinent
1769 4409 2011 4460 remarks
2065 4425 2136 4460 on
2189 4409 2285 4460 the
2325 4410 2540 4476 general

250 4473 461 4540 plainly
494 4475 731 4525 written.
816 4473 1036 4525 Besides
1076 4472 1237 4540 being
1270 4489 1341 4523 an
1453 4477 1652 4523 matter
1673 4473 1798 4524 that
1829 4490 1928 4526 can
1949 4473 2016 4526 be
2048 4473 2204 4526 made
2229 4491 2370 4526 seem
2392 4481 2451 4527 to
2471 4473 2539 4528 be

248 4538 484 4591 unusual
516 4539 685 4602 word,
721 4539 769 4590 it
799 4538 927 4590 does
962 4543 1061 4592 not
1096 4554 1238 4591 seem
1280 4542 1341 4590 to
1453 4537 1511 4588 of
1530 4537 1642 4589 this
1661 4537 1797 4590 kind
1819 4559 1832 4592 =
1865 4539 2002 4602 first,
2027 4539 2152 4592 that
2183 4540 2458 4592 inasrnuch
2478 4557 2539 4592 as
