3075 5009
886 495 1357 544 GARTULAmuM
1388 495 1852 545 nmvmnnsn.
2009 484 2022 500 '
2387 486 2416 543 1
2429 486 2506 544 29

229 652 642 717 donationem
668 652 948 718 Walteri
975 653 1429 740 Espec—scil„
1451 653 1608 717 Grif
1635 660 1702 719 et
1729 652 2102 731 Tillestona,
2119 675 2272 720 cum
2301 654 2509 718 omni·
2532 673 2848 717 confirmatum

229 740 347 804 bus
390 740 794 824 appendiciis
837 740 975 805 suis
1020 749 1087 806 et
1136 741 1329 805 rebus
1380 740 1624 805 eisdem
1675 741 1866 805 terris
1917 742 2412 824 pertinentibus,
2442 748 2509 806 et
2530 724 2824 818 ἒὲὧὴᾶᾆῗωο

226 826 521 911 valle[m]
552 828 670 911 qui
713 828 953 892 dicitur
979 827 1365 906 Bildesdale,
1396 848 1547 893 cum
1598 827 2017 911 pertinenciis
2067 828 2223 906 suis,
2251 836 2320 895 et
2369 828 2508 893 haec
2531 827 2727 919 ΕῬθξξο

226 914 441 977 omnia
470 935 621 979 cum
650 915 777 979 viis
806 922 875 980 et
902 916 1171 991 semitis,
1200 920 1271 979 et
1312 914 1539 979 divisis
1571 934 1732 999 quas
1760 914 2092 979 Walterus
2122 916 2330 1000 Espec
2373 915 2507 980 ilh's
2529 888 2760 971 ffimu.

225 1000 564 1065 constituit
592 1008 659 1067 et
687 1008 865 1067 carta
892 1021 1013 1066 sua
1042 1002 1449 1067 confirmavit
1470 1007 1537 1066 et
1567 1002 1806 1067 divisit.
1875 1002 2191 1067 Praeterea
2221 1004 2510 1068 concessi

226 1092 291 1151 et
319 1088 697 1153 confirmavi
740 1090 834 1154 eis
885 1089 1106 1153 omnia
1154 1090 1539 1153 aisiamenta
1589 1109 1708 1153 sua
1757 1089 1830 1152 in
1875 1090 2162 1153 manerio
2214 1090 2509 1173 praedicti

224 1174 503 1239 Walteri
554 1175 783 1259 Espec,
814 1176 883 1240 id
937 1183 1055 1253 est,
1084 1176 1668 1261 He1[115]meslac,
1718 1176 1890 1241 sicut
1940 1175 2115 1240 idem
2173 1177 2505 1241 Walterus

222 1261 428 1346 Espec
456 1262 593 1327 illis
622 1262 806 1327 dedit
834 1269 902 1328 et
929 1263 1489 1341 concessit—sciL,
1531 1263 1870 1327 materiem
1915 1269 1983 1327 et
2024 1263 2204 1346 ligna
2243 1264 2326 1329 ad
2355 1284 2506 1329 suos

222 1350 511 1433 proprios
563 1370 739 1427 usus,
784 1357 851 1415 et
900 1370 1141 1434 pascua
1184 1356 1251 1415 et
1293 1350 1620 1435 pannagia
1671 1349 1753 1413 ab
1805 1350 1986 1413 omni
2035 1350 2506 1416 consuetudine

220 1434 423 1501 libera
452 1443 520 1501 et
550 1438 771 1521 quieta
797 1436 869 1501 in
898 1438 1199 1502 omnibus
1228 1436 1438 1502 boscis
1468 1437 1746 1501 Walteri
1775 1436 1984 1521 Espec
2011 1436 2081 1499 in
2115 1436 2507 1515 Helmeslac,

222 1522 390 1587 sicut
417 1524 595 1588 idem
623 1524 956 1590 Walterus
984 1524 1251 1589 liberius
1295 1543 1587 1608 unquam
1630 1522 1863 1588 habuit
1905 1523 1990 1589 ad
2033 1544 2184 1588 suos
2214 1525 2503 1609 proprios

220 1629 393 1686 usus,
422 1617 494 1675 et
519 1610 835 1694 gloriosus
874 1611 1021 1677 Rex
1063 1612 1407 1689 Henricus,
1434 1617 1622 1695 pater
1662 1630 1865 1687 meus,
1893 1610 2027 1675 illis
2073 1612 2407 1688 concessit,
2437 1617 2505 1677 et

219 1704 395 1761 carta
438 1717 561 1761 sua
604 1698 1025 1763 confirmavit.
1117 1698 1328 1777 Quare
1358 1698 1507 1762 volo
1551 1702 1620 1763 et
1661 1698 1932 1761 firmiter
1980 1698 2284 1783 praecipio
2329 1698 2505 1781 quod

221 1802 441 1849 omnes
474 1785 814 1868 praedictas
844 1793 1046 1850 terras
1077 1790 1145 1850 et
1172 1792 1437 1849 tenuras
1467 1783 1777 1849 Habeant
1805 1790 1872 1849 et
1916 1790 2184 1849 teneant
2225 1786 2299 1848 in
2344 1805 2502 1869 pace

219 1876 284 1935 et
310 1870 515 1937 libere
545 1878 613 1937 et
641 1872 861 1956 quiete
890 1878 957 1937 et
986 1872 1333 1937 honorifice
1378 1878 1445 1937 et
1488 1872 1754 1955 integre,
1783 1891 1936 1936 cum
1979 1872 2278 1937 omnibus
2308 1872 2502 1937 liber-

220 1958 463 2023 tatibus
494 1964 563 2023 et
590 1958 813 2024 liberis
842 1958 1421 2024 consuetudinibus
1472 1966 1542 2023 et
1583 1958 1970 2043 quietanciis
2017 1959 2171 2035 suis,
2200 1960 2273 2023 in
2309 1959 2502 2023 bosco

220 2094 233 2109 .
272 2094 295 2111 .
332 2094 355 2111 .
384 2052 453 2111 et
481 2046 555 2109 in
584 2046 887 2111 omnibus
908 2046 1088 2128 lociS,
1113 2046 1357 2111 solutas
1388 2052 1455 2110 et
1474 2046 1732 2130 quietas
1753 2044 1834 2110 de
1855 2046 2040 2110 sciris
2063 2053 2129 2110 et
2145 2045 2502 2111 hundredis

218 2139 283 2195 et
310 2132 781 2217 wapentachiis
825 2139 893 2197 et
935 2133 1193 2217 placitis
1238 2140 1305 2198 et
1348 2131 1628 2216 querelis
1673 2138 1740 2196 et
1782 2132 1988 2217 geldis
2018 2139 2086 2197 et
2129 2132 2500 2217 danegeldis

220 2227 283 2282 et
324 2218 769 2285 themanetale
816 2227 883 2285 et
925 2220 1207 2297 auxiliis,
1237 2226 1305 2286 et
1348 2220 1657 2303 scutagiis
1702 2226 1772 2283 et
1798 2219 2026 2283 scottis
2070 2226 2138 2283 et
2167 2220 2386 2285 assisis
2433 2226 2502 2284 et

219 2306 607 2371 exercitibus
637 2314 703 2372 et
733 2308 1057 2391 pontagiis
1089 2314 1156 2371 et
1185 2307 1626 2373 occasionibus
1657 2312 1723 2370 et
1754 2306 1932 2370 omni
1963 2314 2214 2370 terreno
2235 2307 2500 2371 servitio

219 2393 387 2477 quod
417 2393 609 2458 nobis
637 2393 743 2459 vel
772 2394 1245 2459 successoribus
1288 2394 1546 2470 nostris,
1574 2392 1682 2457 vel
1717 2392 2025 2477 praedicto
2052 2392 2361 2470 Waltero,
2392 2393 2501 2458 vel

218 2482 689 2547 successoribus
709 2483 765 2565 ej
775 2502 868 2559 ua,
889 2502 1181 2565 unquam
1202 2482 1544 2565 pertineat,
1564 2500 1742 2545 nunc
1764 2487 1831 2545 et
1852 2500 2059 2564 usque
2081 2480 2154 2543 in
2171 2482 2500 2563 sempiter-

218 2587 373 2631 num
402 2568 667 2633 easdem
697 2576 900 2634 terras
931 2578 998 2633 et
1040 2576 1303 2633 tenuras
1335 2568 1591 2651 quietas
1627 2572 1695 2631 et
1739 2565 1986 2632 solutas
2031 2566 2386 2632 clamamus
2433 2574 2500 2631 et

219 2654 415 2739 Regia
444 2657 830 2721 auctoritate
874 2664 942 2720 et
971 2676 1012 2719 a
1038 2656 1181 2719 Deo
1220 2655 1409 2720 nobis
1454 2674 1756 2719 concessa
1795 2659 2118 2737 potestate
2161 2655 2498 2718 confirma-

216 2760 374 2819 mus,
392 2749 463 2807 et
482 2742 587 2806 ini
603 2743 929 2827 praedictae
946 2742 1253 2807 Ecclesiae
1272 2751 1337 2807 et
1358 2741 1692 2806 monachis
1715 2741 1786 2803 in
1805 2741 2028 2805 eadem
2049 2741 2498 2818 servientibus,

216 2827 351 2893 haec
376 2829 763 2895 inconcusse
783 2830 1167 2914 illibateque
1188 2830 1259 2893 in
1281 2834 1669 2914 perpetuum
1692 2826 2045 2912 optinenda
2068 2828 2497 2905 concedimus,

216 2917 582 2994 statuimus,
632 2918 1128 2995 corroboramuS,
1179 2923 1247 2981 et
1296 2915 1713 3000 prohibemus
1772 2935 1854 2979 ne
1906 2915 2054 2998 quis
2112 2914 2375 2979 omnino
2425 2915 2496 2979 in

216 3003 539 3085 praedictis
597 3004 807 3069 boscis
866 3025 1088 3069 eorum
1144 3004 1451 3068 forestam
1516 3003 1753 3067 habeat
1826 3022 1947 3067 nec
2004 3010 2297 3079 venetur,
2355 3002 2496 3067 sine

218 3088 479 3155 licentia
510 3111 751 3169 eorum,
772 3112 967 3177 super
993 3090 1400 3156 forisfactura
1422 3110 1586 3166 mea,
1614 3089 1727 3154 sed
1751 3095 2019 3153 teneant
2049 3109 2272 3153 omnes
2295 3094 2497 3153 terras

216 3196 361 3243 suas
400 3186 471 3243 et
510 3185 775 3243 tenuras
819 3178 1161 3264 praedictas
1208 3178 1305 3242 ita
1346 3177 1545 3241 libere
1589 3184 1657 3241 et
1700 3176 2051 3241 honorifice
2103 3176 2275 3240 sicut
2323 3182 2499 3240 carta

216 3270 429 3330 nostra
456 3272 775 3345 testatur3
818 3270 885 3329 et
911 3265 1330 3350 prohibemus
1359 3285 1445 3328 ne
1472 3264 1621 3348 quis
1651 3284 1758 3327 eos
1801 3263 1874 3327 in
1918 3262 2138 3346 aliquo
2167 3268 2363 3328 vexet
2391 3262 2498 3327 vel

217 3348 554 3429 disturbet,
596 3372 809 3437 neque
852 3351 933 3418 de
979 3352 1198 3437 aliqua
1240 3359 1412 3417 terra
1462 3350 1572 3415 vel
1621 3358 1852 3415 tenura
1901 3370 2020 3413 sua
2070 3350 2377 3434 praedicta
2425 3350 2498 3413 in

215 3436 529 3520 placitum
556 3447 760 3523 ponat
781 3440 911 3505 nisi
933 3461 1148 3505 coram
1169 3439 1375 3505 nobis.
1445 3438 1513 3503 T.
1577 3436 1972 3514 BaldewinO,
1990 3436 2498 3521 Archiepiscopo

218 3522 547 3607 Cantuar.;
580 3527 891 3605 Waltero,
914 3527 1244 3611 Rotomag.
1275 3523 1783 3609 Archiepiscopo
1808 3546 1825 3605 3
1868 3522 2167 3605 Hugone,
2189 3523 2494 3587 Dunelm.

216 3610 569 3698 Episcop03
598 3614 851 3679 Comite
872 3614 1206 3679 Willelmo
1236 3613 1317 3678 de
1346 3610 1789 3691 Mandevilla3
1831 3609 2162 3674 Rannulfo
2191 3611 2272 3674 de
2303 3610 2497 3675 Glan-

214 3700 411 3783 villa3
452 3701 788 3766 Willelmo
832 3700 1280 3765 Mareschallo.
1368 3698 1546 3763 Data
1589 3718 1704 3783 per
1745 3718 2014 3761 manum
2051 3696 2371 3761 &villelmi
2415 3697 2496 3761 de

217 3788 429 3873 Longo
471 3788 736 3873 Campe,
766 3788 1153 3853 Cancellarii
1196 3786 1421 3863 nostri,
1463 3787 1534 3849 vi
1586 3785 1692 3850 die
1744 3784 1939 3869 Sept„
1988 3784 2163 3868 apud
2206 3784 2496 3862 Westm.,

218 3876 421 3959 primo
448 3876 545 3941 A⁰
563 3896 609 3941 r.
640 3876 863 3943 nostri.

272 4075 595 4141 CLXXV.
642 4074 933 4139 CARTA
977 4074 1243 4139 REGIS
1288 4072 1673 4138 RICARDI
1718 4070 1843 4135 DE
1887 4069 2455 4148 QUIETANTIA

618 4174 1227 4240 DIVERSARUM
1274 4170 2086 4240 CONSUETUDINUM.

298 4314 633 4393 Ricardus,
662 4314 743 4379 11).
770 4313 845 4379 G.
878 4314 1023 4379 Rex
1052 4311 1311 4397 Angliae
1353 4362 1369 4377 .
1413 4360 1429 4377 .
1474 4360 1490 4377 .
1538 4308 2065 4385 vicecomitibus,
2087 4304 2402 4381 Baillivis,
2433 4311 2498 4369 et

221 4403 512 4468 omnibus
571 4400 891 4466 ministris
941 4400 1143 4465 totius
1189 4398 1448 4484 Angliae
1498 4405 1569 4463 et
1611 4396 2030 4461 Normanniae
2071 4398 2138 4458 et
2181 4394 2498 4456 Portuum

220 4489 427 4568 maris,
456 4496 522 4557 et
550 4489 939 4555 nominatim
968 4486 1341 4573 Praepositis
1372 4486 1452 4551 de
1482 4484 1879 4569 Hamptom,
1909 4488 1977 4549 et
2005 4481 2086 4546 de
2127 4478 2498 4564 Hastinges,

1328 4588 1355 4639 1
