3075 5009
535 475 562 533 l
576 475 657 534 30
1186 485 1662 538 GAETULARIUM
1693 485 2160 534 RIEVALLENSE.

191 661 379 703 charta
394 661 446 702 or
536 651 604 709 et
632 643 715 708 de
745 643 982 720 Dovra,
1010 650 1080 709 et
1105 642 1187 708 de
1216 642 1527 719 Barbeft,¹
1552 648 1619 708 et
1647 643 1730 708 de
1759 641 2097 720 Ce‚dumo,¹¹
2125 653 2192 708 et
2221 641 2302 706 de
2335 641 2724 718 Oistreham,
2753 651 2828 706 et

193 713 435 804 ffiuffiy
540 732 620 796 de
655 732 861 815 Depa,
890 736 958 794 et
996 729 1079 795 de
1116 731 1419 794 omnibus
1464 731 1612 794 aliis
1656 730 1974 814 portubus
2021 729 2236 806 maris,
2265 728 2560 794 salutem.
2649 728 2828 793 Volo

194 813 476 906 Εῗὲζξξξᾩῖ
542 825 610 884 et
652 818 953 903 praecipio
983 817 1158 900 quod
1202 816 1503 882 monachi
1547 824 1616 882 et
1667 818 1894 882 fratres
1941 816 2244 881 Abbatiae
2288 816 2369 880 de
2413 815 2728 893 Rievalle,
2757 823 2829 880 et

196 913 518 966 tomesmnwd
544 925 765 970 omnes
796 925 897 970 res
942 909 1008 968 et
1036 903 1331 969 homines
1361 924 1584 968 eorum
1613 904 1750 969 sint
1770 904 1980 988 quieti
2006 904 2089 968 de
2117 902 2420 968 theloneo
2441 910 2511 967 et
2527 902 2829 987 passagio

196 965 229 1006 b
244 966 355 1068 111‘2‘
372 975 493 1008 “¹¹¹⁶
544 1000 612 1058 et
660 992 965 1078 pontagio
994 997 1062 1055 et
1091 991 1378 1075 pedagi0,
1408 998 1476 1055 et
1510 990 1592 1056 de
1621 993 1802 1055 omni
1829 989 1960 1056 alia
2001 990 2470 1056 consuetudine
2513 997 2580 1054 et
2623 1009 2827 1054 saecu-

542 1079 665 1144 lari
694 1079 1049 1154 exactione,
1091 1077 1174 1142 de
1220 1078 1422 1156 sciris,
1456 1088 1523 1143 et
1555 1078 1636 1142 de
1670 1079 1972 1142 omnibus
2017 1079 2207 1142 rebus
2253 1079 2388 1142 suis
2418 1097 2828 1160 quocunque,

542 1175 609 1231 et
666 1165 747 1229 de
806 1165 1107 1230 omnibus
1165 1165 1355 1230 rebus
1414 1185 1580 1248 quas
1635 1164 1914 1230 emerint
1956 1164 2062 1230 vel
2107 1163 2520 1229 vendiderint
2562 1162 2669 1228 vel
2712 1163 2826 1228 de·-

541 1253 791 1337 portari
860 1253 1133 1317 fecerint
1190 1251 1261 1315 in
1321 1251 1634 1317 nundinis
1695 1259 1761 1317 et
1833 1251 2131 1317 mercatis
2191 1259 2260 1316 et
2315 1251 2388 1314 in
2448 1251 2625 1314 omni
2683 1249 2828 1315 loco

542 1337 883 1422 potestatis
900 1341 927 1378 ³
985 1346 1239 1415 nostrae,
1299 1358 1415 1421 per
1475 1345 1714 1404 terram
1775 1345 1844 1404 et
1902 1359 2021 1424 per
2077 1359 2330 1424 aquam,
2391 1338 2474 1402 ad
2531 1337 2828 1421 proprios

544 1446 699 1490 usus
729 1445 893 1490 suos,
984 1425 1073 1489 Et
1102 1425 1518 1508 prohibemus
1564 1447 1648 1491 ne
1691 1423 1929 1511 aliquis
1959 1447 2067 1492 eos
2097 1423 2204 1490 vel
2247 1447 2349 1490 res
2378 1425 2486 1489 vel
2529 1423 2828 1488 homines

544 1533 766 1578 eorum
812 1513 885 1576 in
936 1512 1156 1596 aliquo
1208 1520 1404 1578 vexet
1454 1513 1563 1578 vel
1614 1513 1953 1590 disturbet,
2005 1514 2162 1596 quia
2211 1519 2348 1576 tam
2395 1512 2570 1596 ipsos
2628 1531 2830 1595 quam

544 1599 761 1664 omnia
790 1619 935 1683 quae
962 1599 1225 1664 illorum
1254 1606 1429 1678 sunt,
1458 1600 1630 1664 sicut
1657 1620 1760 1664 res
1806 1606 2058 1667 nostras
2101 1600 2390 1684 proprias
2421 1597 2529 1663 vel
2557 1597 2830 1662 domini·

544 1705 651 1751 cas
680 1688 751 1751 in
796 1707 996 1751 manu
1026 1693 1247 1750 nostra
1288 1692 1357 1752 et
1400 1687 1798 1771 protectione
1841 1695 1910 1752 et
1952 1686 2248 1752 custodia
2289 1686 2661 1762 retinemus,
2705 1705 2830 1750 nec

544 1773 872 1838 ullatenus
894 1774 1213 1840 sustinere
1236 1793 1570 1858 possemus
1588 1773 1648 1838 si
1668 1775 1817 1858 quis
1839 1795 1946 1839 eos
1969 1773 2076 1840 vel
2107 1775 2274 1838 bona
2303 1793 2526 1838 eorum
2544 1779 2831 1850 vexaret,

544 1861 836 1926 turbaret
865 1859 971 1926 vel
1000 1880 1388 1944 quocunque
1431 1861 1623 1926 modo
1668 1862 2008 1939 minueret,
2036 1867 2152 1926 aut
2195 1861 2528 1925 libertates
2571 1881 2612 1924 a
2641 1859 2832 1924 nobis

544 1947 653 2012 vel
696 1947 781 2012 ab
824 1947 1333 2012 antecessoribus
1378 1948 1618 2013 nostris
1663 1949 1798 2013 illis
1844 1967 2177 2014 concessas
2223 1947 2650 2013 interdiceret
2741 1947 2833 2010 Et

545 2033 961 2118 prohibemus
990 2054 1073 2099 ne
1102 2033 1185 2098 de
1215 2034 1350 2099 ullo
1380 2041 1754 2099 tenemento
1773 2056 1889 2100 suo
1919 2040 2244 2119 ponantur
2264 2035 2334 2098 in
2356 2034 2671 2118 placitum
2699 2033 2831 2102 nisi

545 2141 759 2185 coram
789 2121 996 2196 nobis,
1019 2121 1127 2186 vel
1156 2141 1372 2186 coram
1395 2120 1678 2205 Capitali
1705 2121 1753 2186 J
1755 2121 1992 2186 usticia
2013 2127 2243 2186 nostra.
2335 2121 2401 2186 T.
2492 2120 2830 2185 Willelmo

546 2208 627 2273 de
657 2207 1103 2289 Mandevilla3
1146 2229 1239 2272 xv
1267 2209 1373 2272 die
1405 2209 1579 2293 Sept.
1611 2209 1787 2294 apud
1816 2209 2328 2293 Gattingtonam.

634 2405 732 2493 [N
732 2405 991 2470 umbers
1022 2421 1302 2483 chxw„
1330 2422 1640 2485 cnxxvu,
1668 2409 1806 2472 and
1839 2423 2150 2477 ccxxvm.
2198 2407 2436 2470 involve
2463 2428 2508 2470 a
2533 2407 2718 2470 series
2765 2406 2844 2488 of

547 2493 984 2570 Memoranda,
1012 2493 1231 2570 which,
1260 2515 1334 2558 as
1370 2496 1589 2578 found
1617 2497 1694 2558 in
1722 2495 1821 2558 the
1857 2496 2041 2578 place
2071 2496 2210 2578 they
2253 2515 2496 2577 occupy,
2525 2515 2634 2556 arc
2676 2495 2837 2558 alto·

542 2581 751 2662 yether
770 2581 1244 2664 inteopolations
1259 2603 1287 2660 ;
1318 2583 1451 2644 and
1459 2584 1577 2666 sor
1607 2582 1745 2646 that
1766 2603 2003 2659 reason,
2031 2603 2104 2646 as
2125 2582 2262 2645 well
2291 2602 2363 2645 as
2391 2582 2467 2644 in
2488 2581 2836 2645 considera-

549 2668 684 2732 tion
712 2670 788 2752 of
808 2669 972 2731 their
998 2675 1241 2744 nature,
1271 2667 1413 2752 they
1442 2689 1552 2732 are
1580 2669 1886 2752 releqatod
1915 2676 1976 2733 to
2006 2671 2104 2733 the
2133 2667 2522 2752 Appmdix]

206 2882 393 2924 charter
408 2881 459 2922 or
638 2864 1002 2930 CLXXIX.
1056 2865 1433 2945 Edwardus‚
1476 2867 1559 2931 D.
1594 2867 1670 2933 G.
1702 2867 1846 2932 Rex
1889 2867 2162 2953 Angliae,
2205 2867 2529 2932 Dominus
2573 2866 2836 2950 Hybet-

207 2933 507 3024 ’ἧξξᾛὲώ
551 2950 695 3028 niae,
724 2959 791 3016 et
821 2953 979 3016 Dux
1010 2952 1402 3036 Aquitaniae,
1432 2953 1695 3019 ballivis
1742 2955 1808 3019 H
1813 2956 2030 3032 enrici,
2079 2955 2354 3020 Comitis
2399 2953 2838 3030 Lancastriae,⁴

208 3033 527 3135 &⁰333ssss
552 3039 633 3104 de
677 3039 1039 3124 Pikeringa,
1084 3039 1377 3106 salutem.
1468 3042 1638 3106 Cum
1685 3042 1858 3107 inter
1894 3049 2158 3106 caeteras
2204 3041 2538 3106 libertates
2577 3041 2840 3105 dilectis

210 3135 366 3226 ἓξὲξ,
375 3135 497 3226 0οῶ
552 3126 738 3190 nobis
767 3125 840 3189 in
871 3125 1147 3204 Christo,
1180 3127 1425 3192 Abbati
1468 3135 1536 3192 et
1582 3129 1951 3194 conventui
1995 3129 2076 3194 de
2106 3129 2435 3212 Ryevalle,
2465 3148 2582 3212 per
2625 3136 2838 3192 cartas

214 3196 401 3278 nawa}
416 3246 446 3279 1.
498 3195 529 3236 ⁸
552 3213 1031 3298 progenitorum
1082 3221 1466 3292 nostrorum,
1495 3215 1824 3299 quondam
1869 3216 2121 3300 Regum
2162 3215 2440 3300 Angliae,
2485 3235 2838 3290 concessas,

552 3320 926 3365 concessum
970 3301 1060 3365 sit
1103 3301 1344 3366 eisdem
1375 3303 1551 3386 quod
1597 3303 1698 3366 illi
1748 3308 1817 3366 et
1861 3323 2086 3368 eorum
2139 3323 2534 3368 successores
2580 3303 2650 3367 in
2693 3322 2838 3387 per·-

550 3393 823 3473 petuum
889 3387 1024 3452 sint
1082 3389 1290 3472 quieti
1347 3389 1430 3454 de
1488 3389 1856 3473 operatione
1915 3389 2344 3467 castellorum,
2401 3389 2702 3473 pontium
2771 3396 2842 3452 et

554 3494 909 3560 parcorum,
941 3482 1008 3540 et
1036 3496 1155 3540 nos
1178 3483 1388 3540 cartas
1418 3475 1569 3540 illas
1599 3497 1714 3560 per
1741 3484 1990 3542 cartam
2019 3483 2307 3542 nostram
2330 3477 2468 3560 jam
2499 3475 2836 3540 confirma-

551 3562 855 3638 verimus,
878 3571 945 3626 et
973 3562 1171 3627 etiam
1202 3564 1282 3628 de
1311 3564 1520 3648 gratia
1549 3572 1768 3628 nostra
1797 3565 2300 3630 concesserimus
2323 3562 2608 3641 eisdem,⁶
2633 3563 2839 3648 [quod

556 3645 642 3734 si]
672 3647 945 3734 quo[a]d
976 3649 1131 3727 haec,
1160 3651 1305 3734 ipsi,
1334 3651 1443 3714 vel
1472 3671 1694 3716 eorum
1739 3671 2155 3728 successores,
2200 3651 2421 3736 aliqua
2449 3651 2557 3714 vel
2601 3649 2836 3733 aliqui-

556 3737 678 3801 bus
706 3737 1085 3801 libertatum
1114 3737 1219 3802 vel
1251 3738 1759 3822 quietantiarum
1791 3739 1861 3803 in
1891 3739 2085 3803 dictis
2115 3739 2352 3802 litteris
2383 3745 2835 3802 contentarum

618 3902 641 3936 ¹
672 3902 1023 3966 Barbarssuet,
1059 3903 1471 3966 Barbesfluctus,
1508 3905 1639 3956 else·
1749 3905 1949 3968 sores,’'
1981 3909 2106 3968 etc„
2149 3903 2327 3957 which
2361 3906 2410 3957 is
2451 3922 2513 3957 so
2557 3905 2838 3971 obviously

556 3968 749 4020 where.
839 3969 937 4020 See
976 3969 1077 4020 No.
1127 3983 1253 4021 cen.
1326 3971 1545 4035 Barbefl
1591 3970 1639 4022 is
1752 3975 1971 4038 corrupt
1989 3972 2116 4023 that
2145 3987 2290 4024 some
2323 3971 2661 4023 emendation
2692 3976 2840 4022 must

558 4033 836 4099 evidently
856 4051 890 4084 a
910 4033 1122 4086 clerical
1154 4033 1398 4086 blunder.
1752 4035 1820 4086 be
1862 4035 2182 4104 attempted.
2275 4037 2390 4088 The
2443 4037 2663 4104 reading
2715 4053 2836 4103 sug-

622 4099 645 4131 *
666 4099 906 4150 Written
976 4099 1219 4161 Gademo,
1280 4099 1389 4150 and
1450 4100 1546 4150 the
1614 4117 1640 4152 e
1754 4103 1938 4168 gested
1971 4103 2028 4152 in
2059 4103 2155 4154 the
2186 4106 2308 4154 text
2345 4119 2568 4169 appears
2601 4107 2660 4153 to
2695 4109 2840 4153 meet

558 4164 747 4215 dotted
770 4163 940 4215 under
960 4165 1069 4216 and
1090 4181 1127 4216 u
1148 4164 1396 4232 supplied
1418 4166 1604 4218 above.
1753 4167 1848 4218 the
1885 4167 2192 4220 necessities
2229 4167 2286 4218 of
2327 4169 2424 4220 the
2461 4184 2598 4230 case,
2639 4166 2748 4217 and
2791 4168 2840 4218 is

620 4231 641 4260 ⁸
670 4229 915 4281 Penatis.
1753 4231 1991 4284 founded
2022 4249 2092 4284 on
2125 4233 2220 4284 the
2251 4232 2566 4300 hypothesis
2587 4233 2711 4284 that
2743 4233 2842 4284 the

620 4294 642 4326 ⁴
675 4294 864 4360 Henry
886 4294 943 4346 of
973 4295 1311 4360 Moumouth,
1336 4296 1565 4363 nephew
1586 4296 1644 4348 of
1755 4299 1928 4348 scribe
1947 4313 2058 4348 was
2080 4297 2170 4349 led
2201 4299 2318 4350 into
2349 4299 2444 4349 the
2477 4298 2626 4365 lapse
2649 4297 2722 4364 by
2742 4298 2842 4349 the

560 4359 793 4411 Edward
818 4373 858 4412 1.
1574 4362 1580 4368 '
1753 4361 1976 4414 twofold
1993 4379 2306 4414 occurrence
2323 4363 2380 4414 of
2400 4363 2495 4414 the
2510 4363 2648 4428 quod
2687 4364 2818 4415 miss

586 4493 599 4518 ι
620 4425 644 4456 ⁸
675 4427 790 4476 The
812 4425 1031 4505 reading
1046 4426 1173 4477 here
1188 4425 1251 4488 is,
1272 4425 1413 4478 efter
1428 4427 1630 4490 eisdem,
1751 4427 1844 4506 ing
1875 4433 1974 4504 out
2004 4429 2100 4480 the
2118 4429 2266 4505 qud
2298 4431 2344 4479 si
2373 4401 2693 4496 altogether,
2731 4395 2841 4480 and

563 4494 577 4517 ‘
615 4491 760 4558 quod
792 4491 904 4542 haec
936 4507 1053 4559 ipse
1092 4491 1179 4543 vel
1215 4507 1399 4546 eorum
1430 4509 1634 4546 succes·
1750 4497 1967 4560 wntmg
1988 4495 2093 4560 ipse
2115 4511 2173 4545 m
2193 4493 2569 4546 madvertence
2590 4494 2678 4546 for
2695 4497 2816 4560 ipsi.
