3075 5009
937 517 1407 566 GAnrunAmtm
1436 517 1899 566 mnvunsuss.
2429 503 2552 565 297

278 675 513 740 habuit
568 675 1093 760 propinquiorem
1150 675 1373 740 domui
1432 696 1654 740 eorum
1713 675 1796 740 ad
1855 674 2253 740 dilatandam
2305 682 2554 740 curtem

278 783 503 829 suam:
560 763 999 828 Donationem
1040 813 1055 828 .
1102 811 1117 828 .
1160 811 1178 830 .
1224 783 1387 847 quas
1438 763 1759 828 Robertus
1812 763 2004 840 Guer,
2053 763 2228 828 filius
2279 763 2554 826 Walteri

276 849 459 914 Guer
501 898 518 916 .
567 899 583 916 .
628 898 645 916 .
692 850 849 914 fecit
875 851 1021 916 Deo
1064 899 1079 914 .
1124 899 1139 914 .
1186 899 1201 914 .
1246 850 1329 914 (16
1357 870 1631 934 pessona
1659 849 1797 914 sive
1825 851 2143 933 pannagio
2171 857 2316 915 octo
2346 849 2556 934 porcis

276 936 349 1000 in
380 941 519 1002 toto
546 935 739 1002 bosco
783 957 901 1002 suo
951 935 1277 1000 dominico
1328 935 1410 1002 (16
1463 937 1774 1014 Stitnum,
1825 937 2100 1021 singulis
2153 937 2364 1014 annis,
2413 944 2551 1002 1616

276 1031 566 1108 tempore
617 1044 939 1108 pessonae:
986 1024 1479 1088 Concessionem
1510 1073 1525 1089 .
1561 1073 1578 1090 .
1613 1073 1630 1089 .
1665 1044 1825 1108 quas
1878 1024 2197 1088 Robertus
2250 1025 2430 1089 Guer
2473 1024 2553 1088 de

276 1111 567 1174 Stitnum
601 1160 619 1176 .
652 1159 669 1176 .
702 1161 719 1176 .
754 1111 911 1175 fecit
936 1111 1081 1176 Deo
1104 1159 1121 1176 .
1157 1160 1172 1176 .
1200 1159 1215 1176 .
1250 1111 1333 1175 de
1354 1118 1620 1195 pastura
1649 1111 1958 1175 adsexies
1976 1111 2212 1195 viginti
2227 1111 2553 1176 multones

271 1217 392 1280 per
418 1205 631 1263 totum
660 1198 1057 1263 territorium
1085 1198 1167 1262 de
1196 1198 1487 1262 Stitnum
1516 1197 1886 1282 ubicunque
1917 1247 1932 1263 .
1967 1247 1982 1263 .
2018 1247 2034 1264 .
2068 1203 2136 1262 et
2176 1198 2258 1262 de
2301 1197 2553 1262 duabus

272 1284 439 1348 acris
462 1286 633 1368 prati
654 1285 777 1349 sub
797 1286 1143 1362 Brosehou,
1166 1285 1339 1370 quod
1366 1292 1636 1350 vocatur
1657 1283 2080 1369 Langedayle,
2103 1285 2183 1349 de
2205 1285 2554 1356 medietate

274 1371 549 1436 culturae
578 1372 659 1436 (16
708 1373 1114 1437 Banneleues
1132 1372 1155 1411 ¹
1202 1393 1427 1437 versus
1464 1372 1853 1456 aquilonem,
1901 1392 2052 1436 cum
2096 1372 2551 1455 pertinenciis:

274 1457 769 1523 Concessionem
803 1510 818 1525 .
852 1509 868 1523 .
900 1509 914 1524 .
947 1479 1110 1543 quas
1139 1459 1509 1525 Willelmus
1551 1459 1631 1524 de
1671 1459 1802 1523 Ros
1831 1509 1845 1522 .
1879 1508 1893 1522 .
1926 1509 1941 1524 .
1971 1459 2128 1524 fecit
2156 1459 2298 1523 Deo
2327 1507 2344 1524 .
2373 1509 2389 1523 .
2419 1509 2436 1524 .
2469 1458 2552 1524 de

272 1544 623 1610 donatione
654 1567 849 1630 quam
880 1546 1202 1612 Robertus
1232 1547 1311 1612 de
1342 1545 1490 1623 Ros,
1519 1552 1706 1630 pater
1734 1565 1910 1628 suus,
1943 1546 2188 1610 eisdem
2217 1546 2550 1612 monachis

272 1632 433 1696 fecit
489 1633 570 1696 ad
631 1633 984 1717 pitanciam
1064 1633 1403 1697 annuatim
1484 1633 1851 1697 faciendam
1924 1633 1996 1696 in
2055 1633 2160 1698 die
2239 1633 2548 1698 Omnium

270 1717 691 1784 Sanctorum:
731 1720 1167 1786 Donationem
1198 1771 1213 1786 .
1246 1769 1261 1784 .
1289 1769 1304 1784 .
1338 1741 1499 1804 quas
1528 1720 1854 1785 Henricus
1899 1719 1980 1784 de
2021 1720 2344 1804 Kaymna,
2375 1720 2550 1785 filius

271 1805 551 1871 Walteri
580 1807 660 1871 de
691 1807 999 1890 Kaytona
1027 1858 1041 1870 .
1075 1857 1089 1870 .
1122 1856 1138 1873 .
1170 1806 1327 1871 fecit
1354 1809 1497 1872 Deo
1527 1857 1540 1870 .
1576 1856 1590 1871 .
1624 1857 1640 1874 .
1669 1807 1751 1871 de
1780 1806 1896 1872 1116
1925 1815 2111 1890 prato
2141 1807 2212 1871 in
2242 1807 2552 1891 Kaytona

268 1893 447 1976 quod
476 1902 748 1960 vocatur
776 1894 838 1958 le
868 1894 1293 1978 Hallehenge,
1323 1901 1391 1958 61
1424 1893 1540 1958 1116
1569 1901 1754 1979 prato
1795 1895 1970 1977 quod
2017 1894 2259 1959 dicitur
2304 1895 2550 1979 Lange-

268 2001 431 2052 mar.
459 2001 610 2046 cum
638 1981 1100 2065 pertinenciis:
1146 1981 1644 2046 Concessionem
1675 1981 1890 2054 etiam,
1919 1982 2382 2057 remissionem,
2405 2002 2550 2046 con-

270 2067 703 2134 firmationem
735 2077 803 2132 et
830 2068 1120 2152 quietam
1169 2068 1594 2132 clamanciam
1641 2089 1803 2152 quas
1856 2067 2030 2132 idem
2077 2069 2406 2135 Henricus
2437 2117 2452 2132 .
2484 2117 2499 2132 .
2531 2117 2548 2134 .

268 2155 427 2218 fecit
474 2155 619 2220 Deo
662 2204 675 2219 .
722 2201 739 2216 .
788 2205 803 2220 .
846 2156 927 2220 de
976 2155 1277 2219 omnibus
1328 2154 1786 2221 donationibus
1833 2162 1902 2220 et
1952 2155 2549 2220 confirmationibus

266 2249 744 2307 antecessorum
772 2262 1037 2306 suorum
1068 2242 1149 2308 de
1178 2243 1366 2306 terris
1396 2251 1465 2307 et
1491 2242 1899 2319 tenementis,
1931 2262 2080 2307 cum
2109 2243 2547 2326 pertinenciis,

265 2349 417 2410 quae
444 2335 670 2393 tenent
698 2329 768 2392 in
797 2328 974 2394 vinis
1005 2335 1071 2395 61
1099 2329 1419 2394 territorio
1451 2329 1531 2393 de
1562 2329 1873 2412 Kaytona
1901 2336 1968 2393 61
1998 2329 2077 2393 (16
2109 2329 2437 2414 Osgoteby
2467 2329 2546 2394 de

264 2415 455 2480 feodo
486 2435 637 2480 suo:
682 2416 1122 2480 Donationem
1153 2465 1167 2482 .
1198 2466 1212 2480 .
1246 2465 1261 2480 .
1294 2437 1456 2500 quas
1496 2415 1870 2480 Willelmus
1921 2415 2096 2480 filius
2144 2414 2420 2480 Henrici
2464 2415 2547 2480 (16

264 2503 575 2586 Kaytona
602 2552 616 2566 .
650 2553 663 2566 .
694 2552 708 2566 .
741 2503 896 2568 fecit
924 2503 1068 2568 Deo
1098 2553 1111 2568 .
1144 2553 1159 2568 .
1192 2553 1205 2568 .
1238 2503 1318 2567 de
1348 2503 1612 2587 capitali
1641 2503 1970 2586 mesuagio
1998 2523 2116 2567 suo
2160 2503 2231 2566 in
2273 2502 2436 2566 villa
2463 2503 2544 2568 de

266 2589 597 2672 Kaytona,
641 2611 791 2654 cum
834 2597 973 2654 tota
1015 2598 1195 2656 curte
1247 2597 1314 2655 et
1372 2590 1660 2654 aedificiis
1704 2591 1858 2666 suia,
1901 2597 1970 2654 et
2029 2609 2179 2654 cum
2242 2589 2544 2654 omnibus

264 2676 417 2740 aliis
488 2677 926 2760 pertinenciis,
986 2683 1053 2742 et
1126 2677 1207 2742 de
1280 2683 1419 2741 tota
1483 2684 1750 2762 pastura
1808 2697 1926 2741 sua
1995 2676 2067 2740 in
2133 2675 2543 2753 Whiteclive,

264 2783 421 2828 cum
472 2764 925 2848 pertinenciis:
984 2763 1421 2828 Donationem
1480 2813 1497 2829 .
1553 2813 1568 2828 .
1633 2814 1649 2831 .
1711 2784 1873 2848 quas
1917 2763 2306 2846 Ranulphus
2366 2763 2541 2828 filius

260 2850 499 2914 Aliciae
559 2850 641 2915 de
700 2851 1008 2934 Kaytona
1050 2901 1067 2916 .
1111 2901 1128 2917 .
1172 2899 1189 2915 .
1234 2851 1392 2915 fecit
1420 2851 1562 2915 Deo
1606 2899 1623 2915 .
1669 2901 1684 2916 .
1731 2899 1745 2914 .
1793 2851 1876 2915 de
1917 2871 2052 2914 una
2093 2850 2330 2915 bovata
2357 2857 2542 2914 terrae

263 2943 337 3001 61
376 2938 627 3002 duobus
667 2937 1064 3015 sellionibus‚
1116 2957 1263 3002 cum
1319 2938 1751 3021 pertinenciis,
1803 2938 1876 3001 in
1934 2938 2276 3022 Kaytona:
2321 2938 2541 3001 Dona-

262 3024 510 3089 tionem
540 3074 555 3090 .
586 3075 602 3089 .
634 3075 648 3088 .
682 3045 844 3109 quas
896 3025 1128 3101 Alicia,
1170 3025 1495 3109 quondam
1550 3047 1712 3090 uxor
1763 3025 2038 3090 Henrici
2088 3025 2210 3089 filii
2261 3024 2538 3089 Walteri

260 3110 347 3174 de
376 3111 755 3189 Folketona,
783 3162 798 3178 .
831 3161 846 3176 .
880 3161 895 3176 .
926 3113 1083 3176 16611
1111 3112 1255 3176 Deo
1284 3162 1297 3176 .
1331 3163 1345 3176 .
1379 3163 1392 3178 .
1425 3113 1505 3177 de
1534 3119 1674 3176 toto
1694 3120 1880 3198 prato
1897 3133 2015 3176 suo
2037 3111 2120 3176 de
2140 3112 2540 3196 Gangeman-

260 3205 475 3281 stayn‚
522 3219 673 3263 cum
730 3199 1164 3282 pertinenciis,
1224 3201 1293 3263 in
1356 3199 1723 3284 Osgoteby:
1791 3199 2230 3264 Donationem
2276 3249 2292 3263 .
2343 3250 2358 3263 .
2406 3251 2422 3265 .
2473 3209 2540 3264 et

258 3285 551 3368 quietam
595 3285 1019 3350 clamanciam
1071 3307 1234 3371 quas
1280 3286 1514 3363 Alicia,
1561 3286 1888 3370 quondam
1939 3307 2102 3350 uxor
2141 3285 2414 3350 Henrici
2458 3286 2538 3350 de

256 3372 619 3436 Folketona
646 3422 660 3436 .
694 3423 707 3436 .
740 3422 755 3437 .
787 3375 943 3437 16611
972 3374 1114 3439 Deo
1144 3425 1158 3438 .
1191 3425 1205 3439 .
1238 3424 1252 3437 .
1286 3373 1366 3440 (16
1396 3381 1533 3438 1616
1557 3374 1705 3456 jure
1733 3380 1801 3438 et
1843 3373 2078 3438 clamio
2107 3393 2252 3457 quae
2291 3371 2540 3450 habuit,

255 3459 367 3522 vel
397 3458 631 3524 habere
672 3461 904 3543 potuit,
933 3461 1004 3524 in
1050 3467 1187 3525 tota
1230 3466 1401 3525 terra
1440 3467 1506 3525 et
1551 3467 1816 3545 pastura
1859 3461 1940 3525 de
1982 3460 2353 3537 Witecliffe,
2386 3480 2538 3524 cum

261 3547 705 3630 pertinencii8‚
733 3548 803 3610 in
835 3547 1178 3630 Kaytona:
1222 3548 1661 3612 Donationem
1692 3597 1706 3612 .
1743 3599 1756 3612 .
1788 3597 1802 3611 .
1835 3568 1998 3631 quas
2046 3547 2270 3612 eadem
2321 3546 2538 3611 Alicia

256 3683 275 3697 .
310 3681 323 3696 .
356 3684 371 3698 .
402 3633 557 3698 fecit
586 3634 729 3698 Deo
758 3684 773 3699 .
806 3683 819 3698 .
852 3685 868 3699 .
900 3635 981 3698 de
1009 3642 1148 3700 tota
1178 3643 1360 3720 parte
1399 3655 1517 3700 sua
1557 3634 1913 3700 molendini
1957 3633 2242 3718 aquatici
2279 3633 2350 3697 in
2381 3633 2537 3697 Kai-

256 3728 433 3797 tona,
463 3741 613 3785 cum
643 3722 1077 3805 pertinenciiS,
1106 3729 1174 3786 61
1202 3723 1285 3786 (16
1313 3729 1451 3786 1616
1473 3723 1622 3804 jure
1653 3728 1718 3786 et
1741 3721 1985 3787 clameo
2007 3742 2155 3806 quae
2177 3720 2406 3786 habuit
2427 3720 2536 3785 vel

254 3806 495 3871 habere
546 3809 765 3891 potuit
814 3809 886 3872 in
937 3809 1163 3873 eodem
1219 3809 1635 3875 molendino:
1690 3809 2129 3874 Donationem
2177 3858 2192 3874 .
2243 3857 2258 3872 .
2305 3858 2322 3872 .
2372 3828 2534 3892 quas

252 3893 592 3959 Walterus
621 3894 795 3959 filius
829 3895 1096 3961 Henrici
1127 3896 1209 3960 de
1254 3896 1612 3960 Folketona
1639 3945 1654 3960 .
1686 3946 1702 3960 .
1733 3945 1747 3959 .
1781 3895 1937 3961 fecit
1964 3897 2108 3960 Deo
2135 3945 2150 3960 .
2183 3945 2198 3960 .
2233 3945 2245 3958 .
2279 3895 2360 3959 de
2404 3915 2536 3959 una

254 3981 494 4046 bovata
522 3989 723 4058 terrae,
756 4003 907 4046 cum
936 3983 1373 4067 pertinenciiS‚
1400 3984 1471 4046 in
1502 3983 1728 4048 eadem
1750 3983 1926 4059 villa,
1955 3983 2244 4066 exceptis
2273 3981 2437 4046 tofto
2467 3989 2536 4046 et

254 4067 465 4133 croito
492 4093 511 4133 :
550 4069 1045 4134 concessionem
1074 4071 1355 4154 insuper,
1386 4119 1401 4135 .
1433 4121 1449 4135 .
1479 4120 1493 4134 .
1526 4076 1594 4135 et
1615 4071 1903 4154 quietam
1925 4069 2348 4135 clamanciam
2371 4089 2533 4152 quas

252 4155 587 4220 Walterus
632 4155 807 4220 filius
853 4157 1126 4222 Henrici
1170 4157 1251 4222 de
1295 4157 1655 4222 Folketona
1697 4207 1712 4222 .
1760 4208 1774 4223 .
1821 4208 1834 4222 .
1883 4157 2039 4222 16611
2081 4157 2224 4222 Deo
2270 4202 2284 4217 .
2331 4207 2343 4219 .
2393 4205 2406 4218 .
2454 4155 2535 4220 de

254 4242 539 4324 quodam
582 4242 750 4307 tofto
794 4263 945 4308 cum
1004 4245 1227 4321 croft0‚
1270 4265 1419 4309 cum
1464 4244 1902 4329 pertinenciis,
1943 4245 2015 4307 111
2063 4244 2286 4308 eadem
2340 4241 2534 4306 villa:

250 4329 691 4394 Donationem
734 4380 748 4394 .
796 4380 811 4394 .
856 4381 871 4396 .
918 4351 1081 4415 quas
1111 4331 1465 4396 Gauii-idus
1494 4331 1670 4396 filius
1715 4332 1984 4397 Roberti
2026 4331 2226 4396 Heriz
2270 4330 2351 4394 de
2394 4331 2532 4392 An-

248 4416 490 4501 goteby
533 4467 547 4482 .
596 4466 613 4484 .
661 4468 675 4482 .
722 4418 879 4482 fecit
906 4419 1049 4482 Deo
1092 4467 1107 4482 .
1152 4469 1167 4484 .
1214 4469 1229 4483 .
1275 4418 1356 4483 de
1408 4440 1542 4484 uno
1592 4419 1759 4484 tofto
1811 4427 1878 4483 et
1927 4439 2059 4482 uno
2111 4417 2332 4493 croft0,
2383 4435 2532 4480 cum

878 4527 898 4560 ¹
935 4527 1009 4582 Or
1030 4527 1342 4584 Baunleves.
1443 4529 1543 4582 See
1565 4529 1668 4582 No.
1697 4543 1926 4582 cccxxv.
