3075 5009
520 461 647 520 264
1177 469 1652 518 GARTULARIUM
1681 467 2148 517 alamannam.

521 629 805 714 quisivit.
886 629 1201 693 Invocata
1244 629 1444 712 igitur
1490 627 1772 710 Spiritus
1825 627 2052 692 Sancti
2101 625 2306 710 gratia
2353 622 2599 687 amicos
2652 643 2808 688 suos

520 715 869 792 consuluit,
930 722 997 780 et
1038 716 1399 799 praesertim
1452 714 1860 778 Willelmum
1906 713 2400 777 Gartoniensem
2444 711 2814 784 Rectorem,

522 811 589 868 et
618 802 1017 868 avunculum
1042 822 1253 878 suum,
1282 803 1468 885 cujus
1499 801 1768 866 consilio
1809 799 2167 884 plurimum
2212 799 2581 882 acquievit.l
2673 797 2812 876 Qui

524 891 725 975 igitur
798 889 1131 955 consuluit
1189 899 1265 952 ut
1328 888 1408 952 de
1480 894 1665 972 parte
1739 895 2057 952 terrarum
2129 906 2396 951 suarum
2469 883 2810 950 Christum

523 978 765 1042 faceret
818 976 1178 1056 haeredem3
1242 975 1417 1061 quod
1476 975 1560 1039 ad
1619 975 1817 1039 finem
1874 995 2082 1058 usque
2139 972 2466 1057 produxit,
2519 971 2811 1035 fundans

524 1065 651 1127 tria
734 1063 1169 1128 monasteria.²
1318 1064 1406 1127 Et
1480 1062 1692 1146 primo
1766 1061 2230 1126 monasterium
2306 1059 2388 1123 de
2459 1058 2814 1134 Kirkham‚

524 1151 669 1215 viii⁰
718 1148 1051 1215 Kalendas
1094 1149 1342 1227 Martii,
1386 1150 1548 1212 feria
1592 1155 1839 1233 quarta,
1883 1163 2008 1212 Aa).
2055 1147 2411 1211 Millesimo
2455 1146 2818 1210 centesimo

521 1237 827 1302 vicesimo
872 1236 1170 1313 secund0,
1202 1244 1268 1301 et
1310 1237 1696 1321 praesulatus
1737 1235 2048 1310 Turstini‚
2078 1234 2265 1298 Ebor.
2295 1232 2816 1316 Archiepiscopi,

525 1344 697 1388 anno
748 1323 1013 1408 quinto:
1059 1331 1126 1388 et
1168 1323 1341 1387 idem
1393 1323 1634 1408 praesul
1685 1324 1972 1406 primum
2019 1322 2325 1396 Priorem,
2376 1319 2816 1394 willelmum,

528 1410 739 1488 videl„
768 1411 1232 1495 supradictum,
1256 1411 1639 1475 canonicum
1660 1409 2054 1474 instructum
2084 1409 2157 1472 in
2185 1408 2375 1472 domo
2406 1407 2466 1471 S.
2501 1406 2819 1484 Oswaldi,

526 1498 855 1562 ordinavit
883 1506 951 1563 et
980 1499 1322 1562 constituit
1349 1498 1423 1560 in
1466 1505 1810 1581 pastorem,
1840 1497 2147 1578 adjuncto
2191 1495 2320 1559 sibi
2362 1514 2493 1557 uno
2523 1495 2698 1558 socio
2731 1493 2820 1558 de

524 1585 749 1649 eadem
778 1585 1008 1649 Dom0.
1099 1585 1230 1661 Qui
1272 1584 1538 1669 quidem
1583 1585 1766 1648 Prior
1807 1582 2182 1647 Willelmus
2226 1581 2398 1646 rexit
2441 1581 2820 1645 Prioratum

523 1672 595 1735 in
626 1673 838 1736 Domo
868 1672 948 1736 de
980 1671 1343 1736 Kirkeham
1386 1692 1502 1754 per
1530 1691 1778 1736 annum
1809 1691 2035 1746 unum,
2063 1689 2318 1734 menses
2363 1718 2378 1732 .
2425 1717 2438 1731 .
2485 1717 2502 1732 .
2548 1675 2617 1732 et
2646 1667 2819 1733 duos

525 1759 681 1832 dies,
714 1765 779 1824 et
808 1757 953 1832 sic,³
996 1759 1228 1842 quinto
1259 1758 1483 1822 Nonas
1527 1758 1575 1821 J
1579 1757 1701 1821 ulii
1742 1758 1824 1822 ab
1869 1758 1992 1821 hac
2020 1757 2166 1821 luce
2211 1806 2225 1820 .
2273 1806 2286 1819 .
2332 1805 2347 1820 .
2393 1761 2462 1818 et
2489 1754 2572 1818 ad
2601 1755 2822 1819 vitam

522 1846 827 1930 migravit
856 1854 1164 1910 aeternam
1208 1845 1486 1909 feliciter
1528 1850 1913 1929 regnaturus
1958 1851 2025 1908 et
2067 1892 2082 1907 .
2134 1894 2148 1908 .
2195 1893 2209 1907 .
2257 1842 2546 1925 ejusdem
2578 1842 2821 1907 domus

527 1938 595 1996 et
638 1981 653 1996 .
701 1983 715 1996 .
763 1983 777 1996 .
822 1932 1291 2016 hospitalitatis
1338 1932 1856 2016 supportandum
1898 1931 2075 1995 idem
2117 1929 2448 1994 Walterus
2479 1928 2662 1993 dedit
2697 1929 2819 2013 jus

524 2026 903 2103 patronatus
971 2026 1221 2102 septem
1279 2018 1697 2084 ecclesiarum
1755 2040 1872 2102 per
1929 2019 2149 2101 ipsum
2207 2016 2772 2100 appropriatamtn
2790 2017 2822 2056 ⁴

524 2105 770 2170 eisdem
798 2106 868 2169 in
897 2113 1243 2190 perpetuos
1272 2127 1428 2171 usus
1473 2104 1863 2182 habendum,
1893 2111 1961 2169 et
2003 2111 2224 2181 terras,
2251 2103 2543 2168 redditus
2573 2109 2642 2168 et
2669 2123 2822 2187 pos·

528 2193 845 2257 sessiones
874 2193 957 2257 ad
987 2213 1309 2257 summam
1354 2192 1535 2257 mille
1567 2189 2061 2278 trecent[ar]um
2091 2211 2452 2254 marcarum
2469 2188 2496 2227 ⁵
2524 2190 2599 2253 in
2629 2191 2816 2256 Com.

526 2279 711 2344 Ebor.
773 2287 839 2343 et
912 2279 1525 2344 Northumberland.
1663 2281 1898 2343 Postea
1971 2278 2273 2342 fundavit
2343 2278 2820 2342 monasterium

524 2365 855 2443 Rievallis,
885 2367 1049 2431 A.D.
1081 2367 1426 2431 millesimo
1449 2367 1801 2432 centesimo
1822 2366 2152 2450 trigesimo
2177 2364 2416 2428 tertio!⁵
2472 2364 2560 2429 Et
2587 2371 2824 2448 postea

525 2453 833 2518 fundavit
904 2454 1380 2518 Monasterium
1440 2453 1748 2529 Wardon,
1821 2454 1988 2516 AD.
2050 2451 2395 2516 millesimo
2453 2453 2818 2516 centesimo

525 2541 854 2625 trigesimo
904 2539 1130 2605 sext0.⁶
1239 2539 1433 2604 Vixit
1483 2540 1657 2604 idem
1711 2540 2039 2604 walterus
2097 2545 2444 2623 postquam
2503 2538 2819 2603 fundavit

524 2627 997 2692 Monasterium
1050 2627 1131 2692 de
1184 2627 1511 2691 Kirkham
1561 2627 1798 2711 viginti
1849 2647 2072 2702 annos,
2131 2625 2320 2690 miles
2380 2632 2683 2690 strenuus
2745 2631 2821 2690 et

526 2714 1044 2798 circumspectus.
1163 2715 1450 2779 Tandem
1512 2714 1726 2778 dictus
1785 2713 2113 2778 Walterus
2186 2713 2367 2777 senio
2440 2711 2818 2778 confractus

528 2802 727 2866 armis
758 2802 1148 2866 militaribus
1178 2798 1490 2880 valescit?
1522 2801 1781 2865 nullum
1810 2801 2130 2864 haeredem
2159 2799 2406 2864 habens
2437 2799 2518 2864 de
2547 2819 2820 2883 corpore

524 2909 643 2952 suo
673 2888 960 2972 legitime
1004 2897 1427 2972 procreatum.
1518 2888 1880 2953 Residuum
1931 2894 2249 2952 terrarum
2288 2906 2553 2950 suarum
2584 2886 2822 2951 divisit

520 2976 691 3039 inter
719 2985 851 3040 tres
880 2995 1127 3040 sorores
1156 2997 1324 3052 suaa
1348 2975 1473 3039 sibi
1495 2974 1644 3057 jure
1663 2974 2068 3040 haereditario
2093 2993 2515 3049 successuras,
2533 2993 2821 3056 quarum

519 3061 785 3125 nomina
841 3062 980 3126 haec
1040 3062 1571 3140 sunt—Hawisa,
1613 3061 1904 3126 Albreda
1960 3069 2028 3126 et
2100 3061 2399 3125 Adelina.
2520 3060 2822 3124 Primam

524 3149 718 3212 duxit
775 3149 849 3212 in
906 3170 1175 3214 uxorem
1246 3149 1622 3214 Willelmus
1698 3149 1953 3232 Bussy3
2021 3147 2374 3213 secundam
2449 3147 2515 3210 N
2516 3146 2817 3213 icholaus

523 3235 788 3319 Traylly
814 3258 829 3315 ;
872 3244 938 3301 et
967 3237 1228 3300 tertiam
1259 3237 1491 3301 Petrus
1521 3237 1604 3300 de
1632 3237 1818 3300 Boos..
1911 3236 2025 3300 Set
2055 3235 2353 3299 Adelinae
2369 3232 2396 3272 ⁸
2425 3235 2628 3298 sorori
2656 3255 2818 3310 suae,

524 3323 697 3387 inter
738 3329 985 3400 caetera,
1031 3324 1211 3388 dedit
1255 3323 1623 3408 specialiter
1667 3322 2156 3388 advocationem
2213 3321 2296 3386 de
2353 3321 2684 3385 Kirkham
2746 3329 2820 3386 et

527 3409 835 3474 Rievalle.
956 3410 1045 3474 Et
1102 3416 1345 3494 postea,
1404 3431 1668 3474 sumens
1741 3409 2044 3474 habitum
2117 3409 2564 3473 monachalem
2635 3407 2822 3493 apud

525 3495 904 3572 Rievallem‚
949 3497 1211 3574 ibidem,
1254 3497 1427 3562 inter
1470 3497 1822 3562 monachos
1864 3517 1982 3582 per
2025 3497 2366 3562 biennium
2403 3514 2820 3571 conversans,

524 3584 729 3648 vitam
788 3583 1007 3651 finivit
1064 3584 1499 3669 temporalem.
1589 3585 1636 3648 J
1641 3603 1830 3649 acens
1889 3583 2134 3649 ibidem
2193 3584 2265 3648 in
2321 3603 2440 3647 sua
2498 3582 2774 3648 ecclesia
2789 3581 2822 3622 ⁹

590 3754 612 3850 ζ
642 3754 931 3870 ἰὲιᾟῖθῖυῑῧ
952 3755 1131 3818 (νὶω-
1725 3758 1849 3809 that
1887 3757 1934 3809 is
1971 3757 2277 3823 absolutely
2299 3758 2440 3808 clear
2477 3757 2524 3808 is
2547 3757 2671 3808 that
2703 3756 2818 3808 val·

784 3821 845 3872 it.
884 3821 979 3872 the
1042 3838 1135 3874 are
1166 3822 1366 3888 simply
1398 3821 1608 3885 named,
1726 3827 1845 3874 escit
1891 3828 2089 3874 cannot
2131 3823 2200 3874 be
2245 3827 2465 3874 correct.
2561 3822 2678 3872 The
2733 3822 2818 3873 in·

528 3885 661 3936 with
684 3885 781 3936 the
801 3903 953 3938 sever
1029 3888 1181 3939 dates
1204 3889 1288 3939 ior
1308 3887 1495 3939 either.
1726 3889 1926 3940 tended
1965 3889 2212 3956 meaning
2246 3889 2424 3940 would
2462 3903 2607 3939 seem
2645 3891 2706 3939 to
2747 3887 2818 3938 be

590 3949 612 3982 ³
644 3950 765 4002 Sic’.
1729 3958 1766 3982 “
1786 3955 1854 4004 he
1874 3955 2073 4005 retired
2096 3953 2290 4005 from.”

588 4015 611 4047 ⁴
643 4017 1136 4082 Approprictamm.
1793 4018 1815 4051 ⁸
1851 4021 2149 4070 Adclinam.

591 4081 612 4112 ⁶
644 4081 757 4132 The
796 4082 1104 4160 essentially
1135 4082 1381 4134 fabulous
1420 4087 1612 4134 nature
1789 4084 1812 4116 ⁹
1845 4085 2016 4135 There
2055 4101 2224 4136 seems
2257 4089 2316 4135 ιο
2349 4085 2416 4135 be
2448 4081 2818 4134 considerable

524 4146 584 4196 of
605 4147 716 4198 this
738 4151 1029 4200 statement
1059 4165 1108 4199 ιε
1140 4147 1288 4199 dealt
1315 4149 1447 4200 with
1480 4149 1609 4200 else-
1725 4165 1913 4226 reason
1935 4151 2021 4201 for
2044 4149 2218 4201 doubt
2234 4167 2297 4236 ,as
2329 4154 2388 4200 to
2410 4150 2506 4200 the
2527 4153 2687 4200 exact
2706 4149 2818 4199 site

528 4213 753 4329 wlgesszr
805 4278 901 4329 the
958 4278 1287 4354 verification
1342 4278 1400 4330 of
1459 4280 1614 4331 these
1725 4215 2043 4331 ἓξαινοᾭέῗέο
2061 4213 2818 4346 ἓὲξιὲῗιξιιέᾜυξῗὲωοοιιὲἒε

528 4341 681 4394 dates
702 4359 789 4394 see
813 4343 1198 4394 Introduction.
1725 4345 1833 4412 ing.
1923 4345 2038 4398 One
2072 4347 2121 4397 is
2160 4351 2218 4396 to
2255 4346 2352 4395 the
2392 4344 2549 4395 effect
2586 4343 2714 4394 that
2747 4343 2820 4395 he

592 4407 613 4440 ⁷
647 4409 813 4460 What
834 4409 927 4460 the
960 4409 1182 4476 reading
1212 4409 1340 4460 here
1362 4410 1530 4476 ought
1553 4414 1612 4460 ιο
1726 4427 1836 4461 was
1869 4410 2060 4462 buried
2099 4412 2156 4461 in
2194 4411 2288 4462 the
2329 4409 2566 4474 Chapter
2603 4409 2814 4460 Heu-e.

528 4472 593 4524 be
637 4473 685 4524 is
728 4479 825 4526 not
864 4475 1031 4540 easily
1070 4475 1427 4540 conjectured.
1516 4475 1610 4527 All
1723 4475 1887 4539 Here,
1908 4478 2002 4528 the
2016 4477 2226 4528 Ghurch
2246 4480 2490 4527 seemsto
2512 4473 2816 4537 benamed,
