3075 5009
1234 529 1584 580 ΑΡΡΕΝΒΙΧ.
2432 519 2558 578 409

275 688 433 750 ritur
451 689 617 769 quod
638 687 963 768 praedictus
980 689 1156 750 Prior
1170 694 1235 750 et
1255 687 1358 749 alii
1385 687 1784 749 detinuerunt
1811 687 2130 767 praedictos
2156 687 2342 750 boves
2368 686 2561 767 ipsius

274 770 536 832 Abbatis
576 791 687 850 per
725 770 933 831 decem
974 771 1356 850 septimanas,
1387 768 1605 830 dicunt
1685 767 1807 829 uod
1850 767 1965 830 hoc
2006 769 2126 830 fuit
2166 770 2231 830 in
2272 769 2518 830 defectu
2537 771 2556 808 ¹

274 851 467 931 ipsius
486 852 763 927 Abbatis,
794 871 866 913 eo
888 851 1051 930 quod
1078 851 1279 912 noluit
1308 849 1650 932 [praedictos
1706 850 1893 911 boves
1921 851 2162 930 exigere
2181 870 2292 930 per
2311 849 2557 910 vadium

274 940 340 993 et
364 932 465 1012 ple
510 934 652 1006 'um‚
680 953 793 994 nec
819 932 1205 994 securitatem
1233 933 1505 994 invenire
1532 930 1612 992 ad
1641 932 2179 1010 transgressionem
2207 931 2554 1012 praedictam

164 1057 167 1062 -
271 1033 449 1076 emen
496 1013 740 1076 andum.
843 1013 927 1074 Et
978 1013 1181 1094 quoad
1236 1012 1365 1088 hoc,
1417 1012 1584 1092 quod
1640 1011 1964 1092 praedictus
2017 1013 2228 1074 Abbas
2283 1013 2559 1092 queritur

274 1094 442 1173 quod
483 1095 807 1173 praedictus
834 1094 1010 1156 Prior
1049 1101 1113 1155 et
1154 1094 1257 1155 alii
1301 1094 1496 1156 excoli
1540 1093 1817 1155 fecerunt
1847 1101 2074 1155 terram
2114 1095 2302 1174 ipsius
2331 1094 2558 1156 Prioris

270 1195 415 1236 cum
456 1176 649 1270 bobus
676 1176 995 1256 praedictis,
1028 1177 1181 1238 bene
1221 1175 1578 1250 defendunt,
1610 1175 1776 1253 quod
1817 1194 2130 1255 nunquam
2145 1257 2158 1270 ·
2172 1174 2367 1237 excoli
2407 1176 2559 1236 fece-

274 1256 1427 1418 ffiffissffifflfflzfflsizsszz
1440 1264 1976 1412 {21223330205'3311’225
1989 1256 2558 1417 ῑῗζῗῖἷέἑὲῑοιῗὲ

272 1417 451 1480 Prior
478 1419 663 1481 nichil
692 1419 892 1495 habet,
924 1419 1347 1480 tantummodo
1374 1438 1757 1481 communam
1793 1425 2058 1498 pasturae
2083 1420 2148 1479 in
2178 1419 2388 1480 eodem
2414 1442 2430 1479 ε
2475 1419 2558 1480 Et

268 1499 439 1575 dicit,
464 1503 610 1580 quia
638 1500 909 1580 praedicti
929 1500 1107 1562 Prior
1126 1511 1194 1562 et
1210 1501 1313 1561 alii
1336 1499 1723 1562 succiderunt
1739 1499 1984 1561 arbores
1999 1501 2188 1579 ipsius
2209 1500 2470 1561 Abbatis
2491 1501 2554 1560 in

272 1581 489 1642 eodem
504 1582 701 1657 bosco,
721 1582 891 1642 misit
906 1602 1105 1643 carros
1132 1602 1271 1643 suos
1298 1581 1377 1644 ad
1404 1580 1755 1642 cariandum
1774 1582 1798 1620 2
1825 1581 2183 1661 praedictum
2209 1581 2458 1643 boscum
2476 1581 2555 1642 ad

268 1661 2184 1824 ffiffizuaffxfflmziffi‘cihkssssssssffistgssssnffi
2203 1663 2385 1805 3:1¹3ss
2411 1682 2555 1823 3¹3ss

270 1823 517 1898 dictam,
549 1825 825 1904 praedicti
853 1825 1031 1886 Prior
1071 1833 1137 1886 et
1174 1825 1296 1899 alii,
1326 1824 1619 1905 praedicto
1660 1824 1789 1886 loco
1830 1824 1908 1886 de
1936 1824 2268 1905 Huehyrst,
2316 1825 2420 1904 qui
2462 1833 2558 1885 est

270 1905 643 1968 dominicum
698 1905 918 1967 solium
960 1907 1150 1986 ipsius
1204 1906 1479 1981 Abbatis,
1529 1905 1876 1967 hominibus
1923 1906 2112 1984 ipsius
2159 1906 2420 1967 Abbatis
2465 1906 2556 1966 in-

268 1986 501 2048 sultum
540 1987 833 2060 fecerunt,
875 1995 940 2047 ct
979 1987 1299 2066 proedictos
1340 2007 1542 2049 carros
1586 1994 1895 2066 ceperunt,
1939 1995 2004 2049 et
2043 1987 2434 2048 abduxerunt
2474 1987 2552 2048 ad

267 2067 605 2128 manerium
642 2067 920 2147 praedicti
946 2068 1175 2130 Prioris
1215 2069 1280 2130 in
1320 2067 1704 2147 Byldesdale,
1743 2077 1817 2130 ut
1856 2069 2214 2148 praedictum
2255 2076 2365 2142 est,
2398 2069 2558 2148 petit

270 2148 437 2227 quod
476 2149 823 2228 inquiratur
862 2168 971 2228 per
1017 2150 1314 2230 patriam:
1360 2160 1425 2212 et
1451 2149 1627 2211 Prior
1654 2149 1947 2210 similiter.
2031 2147 2234 2232 [Ideo]
2262 2151 2370 2210 fiat
2410 2149 2554 2212 inde

262 2229 475 2308 jurata
500 2239 611 2291 etc.
701 2228 871 2313 [Note
897 2236 958 2291 at
982 2233 1116 2306 side,
1149 2230 1384 2310 Inq’nd.
1418 2229 1708 2314 Paschae]
1790 2229 1834 2291 J
1835 2236 2106 2292 uratores
2133 2230 2348 2292 dicunt
2373 2251 2556 2310 super

267 2321 712 2374 sacramentum
767 2331 944 2373 suum
1041 2312 1165 2374 uod
1220 2313 1365 2392 quia
1420 2312 1746 2391 praedictus
1792 2311 2002 2373 Abbas
2057 2312 2227 2372 misit
2278 2311 2556 2373 homines

270 2392 775 2454 suosadboscum
790 2393 979 2472 ipsius
1060 2394 1235 2454 rioris
1260 2394 1338 2454 de
1368 2393 1732 2472 Byldesdale
1759 2400 1825 2452 et
1851 2393 2094 2454 arbores
2120 2393 2311 2472 ipsius
2328 2393 2555 2454 Prioris

269 2473 335 2534 in
378 2473 591 2535 eodem
632 2473 1022 2536 succiderunt
1061 2483 1126 2536 et
1164 2475 1536 2536 maeremium
1575 2473 1848 2553 ejusdem
1887 2473 2052 2535 bosci
2101 2493 2239 2535 cum
2267 2474 2452 2535 carris
2491 2482 2556 2536 et

266 2554 517 2616 carettis
544 2555 623 2616 ab
650 2555 863 2617 eodem
897 2554 1028 2616 loco
1054 2575 1248 2635 usque
1276 2557 1355 2617 ad
1384 2555 1704 2634 Huehyrst
1743 2556 2143 2630 car-iavenmt,
2174 2556 2281 2634 qui
2307 2554 2554 2634 quidem

267 2635 437 2698 locus
476 2645 571 2697 est
610 2635 689 2697 de
729 2635 910 2697 feodo
950 2637 1139 2717 ipsius
1180 2637 1423 2712 Prioris,
1469 2636 1634 2698 idem
1681 2636 1859 2697 Prior
1902 2637 2236 2698 retromisit
2282 2635 2557 2697 homines

268 2735 412 2778 suos
441 2714 573 2799 [ad]
614 2717 990 2796 sequendum
1033 2718 1353 2796 praedictas
1396 2727 1657 2780 carettas
1697 2737 1835 2778 cum
1879 2717 2184 2779 maeremio
2232 2717 2556 2779 honeratas

264 2797 2036 2961 aussfl-uisffifffflnffimssffmdssaeffssssffff„iffi-252⁶&1
2053 2798 2206 2940 ¹¹¹3:ss
2233 2807 2556 2942 {tq-332¹&

265 2877 633 3039 Byliesdale
660 2927 985 3022 «summus
1072 2961 1325 3037 Quaesiti
1352 2963 1405 3023 si
1432 2961 1706 3041 praedicti
1733 2960 1910 3022 Prior
1937 2971 2002 3023 et
2040 2900 2144 3022 {fii
2172 2963 2558 3023 retinuerunt

264 3041 588 3120 praedictos
629 3042 831 3117 boves,
861 3052 926 3103 et
965 3049 1191 3104 terram
1232 3062 1405 3104 suam
1432 3063 1570 3104 cum
1610 3043 1758 3123 ipsis
1799 3042 1995 3103 excoli
2023 3043 2313 3118 fecerunt,
2343 3042 2558 3103 dicunt

262 3121 433 3201 quod
474 3122 575 3184 sic.
662 3122 811 3184 Ideo
838 3123 1281 3185 consideratum
1323 3133 1420 3187 est
1488 3124 1612 3185 uod
1640 3123 1964 3204 praedictus
1989 3123 2199 3185 Abbas
2225 3143 2337 3203 pro
2365 3132 2557 3185 trans·

264 3203 573 3283 gressione
601 3203 889 3283 praedicta
929 3205 993 3265 in
1034 3211 1195 3266 m'ia:
1238 3213 1303 3266 et
1323 3225 1447 3286 prae
1489 3206 1598 3267 icti
1626 3205 1800 3266 Prior
1829 3213 1893 3266 et
1919 3204 2022 3265 alii
2050 3205 2114 3265 in
2139 3213 2264 3266 mia
2289 3225 2362 3267 eo
2390 3204 2553 3285 quod

264 3284 462 3347 excoli
489 3284 767 3346 fecerunt
794 3286 1145 3366 praedictam
1172 3294 1398 3348 terram
1427 3307 1564 3348 cum
1592 3286 1786 3348 bobus
1813 3286 2118 3365 praedictis
2145 3295 2256 3348 etc,

349 3442 445 3502 91.
492 3437 724 3522 [Assise
772 3441 961 3504 Rolls.
1044 3441 1223 3504 Ebor.
1312 3447 1349 3503 8
1391 3442 1560 3504 Edw.
1616 3458 1657 3504 Ι.
1709 3441 1790 3504 N.
1845 3446 1898 3514 1,
1953 3442 2136 3525 12-1.]
2220 3441 2431 3503 Abbas
2477 3442 2557 3503 de

265 3520 525 3599 Ryvalle
580 3523 867 3603 cognovit
920 3523 1085 3602 quod
1140 3524 1327 3586 debet
1382 3523 1690 3604 Hugelino
1744 3523 1826 3585 de
1875 3523 2090 3585 Vithio
2144 3532 2211 3586 et
2263 3523 2554 3584 Lotherio

263 3601 637 3682 Bonaguide,
690 3604 883 3677 sociis,
954 3604 1187 3666 civibus
1256 3612 1320 3666 et
1387 3605 1824 3667 mercatoribus
1888 3604 2237 3678 Florenciae‚
2309 3612 2554 3665 centum

259 3682 671 3762 quadraginta
726 3693 790 3745 ot
842 3693 1108 3764 quatuor
1158 3706 1409 3762 marcas,
1458 3695 1583 3747 tres
1631 3706 1828 3748 saccas
1876 3696 1940 3747 et
1986 3685 2303 3747 dimidiam
2351 3685 2554 3761 lanae‚³

264 3775 450 3844 prout
496 3765 560 3824 in
610 3765 876 3845 quodam
924 3768 1165 3847 scripto,
1217 3767 1382 3847 quod
1435 3767 1602 3829 idem
1650 3768 1859 3828 Abbas
1913 3767 2000 3828 eis
2055 3767 2217 3842 fecit,
2273 3774 2552 3840 testatur,

259 3844 429 3924 quod
514 3846 703 3907 rofert
743 3847 809 3908 in
848 3847 978 3909 haec
1018 3849 1207 3910 verba
1226 3848 1644 3910 z—Universis
1686 3856 2013 3930 praescntes
2053 3848 2290 3910 litteras
2330 3848 2554 3910 visuris

261 3975 277 3988 .
324 3972 341 3988 .
388 3973 401 3988 .
500 3935 663 3988 rator
715 3926 983 4004 humilis,
1038 3930 1247 3991 Abbas
1302 3929 1662 3992 Monasterii
1717 3930 1794 3990 de
1848 3929 2207 4004 Rivallibus‚
2265 3938 2330 3990 et
2383 3937 2552 3990 totus

261 4007 621 4070 Conventus
647 4009 922 4088 ejusdem
964 4010 1097 4086 loci,
1128 4011 1276 4073 Cist.
1311 4011 1581 4088 Ordinis,
1609 4010 1788 4074 Ebor.
1820 4010 2159 4086 Dioceseos,
2191 4009 2451 4072 salutem
2487 4011 2553 4071 in

258 4088 543 4150 Domino,
631 4090 945 4152 Noveritis
984 4112 1096 4153 nos
1139 4093 1333 4154 teneri
1376 4100 1442 4154 et
1479 4094 1882 4174 praesentibus
1925 4092 2197 4172 obligari,
2243 4111 2322 4152 ex
2371 4111 2553 4153 causa

258 4169 462 4232 mutui
504 4178 569 4232 et
608 4172 933 4251 emptionis
971 4172 1144 4249 lanae,
1190 4173 1500 4254 Hugelino
1540 4173 1620 4235 de
1661 4173 1876 4234 Vithio
1915 4181 1982 4234 et
2027 4172 2318 4234 Lotherio
2358 4171 2554 4234 Bona-

256 4251 461 4330 guido,
492 4251 687 4327 sociis,
718 4253 953 4315 civibus
994 4262 1059 4315 et
1096 4256 1533 4317 mercatoribus
1573 4254 1918 4330 Florenciae,
1965 4261 2093 4315 tam
2135 4274 2247 4334 pro
2275 4273 2339 4314 se
2366 4272 2552 4333 quam

253 4352 369 4474 gro
397 4331 647 4394 domino
666 4333 962 4396 Manetho
989 4335 1066 4397 de
1094 4335 1287 4407 Scala,
1310 4336 1495 4398 Petro
1516 4337 1882 4409 Benencase,
1901 4336 2133 4398 Jacobo
2160 4334 2288 4396 filio
2315 4335 2466 4414 ejus,
2488 4343 2554 4396 et

0 4416 4 4509 )
302 4413 544 4475 ohanne
591 4413 716 4476 filio
763 4416 1072 4496 quondam
1117 4416 1371 4498 Aymeri
1420 4417 1597 4494 Coss,
1645 4417 1897 4479 Moiello
1943 4417 2244 4492 Bonsone,
2286 4424 2352 4476 et
2397 4415 2548 4490 aliis,

390 4531 409 4563 ¹
444 4531 685 4584 Written
707 4533 973 4598 Medum.
1265 4537 1287 4568 ²
1319 4538 1636 4590 cam’emiam.
1927 4533 1950 4567 ⁸
1983 4535 2222 4587 Written
2247 4535 2412 4586 lam.
