3075 5009
890 523 1364 575 canrummtm
1392 522 1861 573 umvmmsn.
2390 506 2518 570 347

225 684 592 753 haeredibus
635 691 703 751 et
745 682 1217 750 successoribus
1260 681 1498 748 nostris
1544 681 1857 747 ducentas
1886 679 2243 764 nonaginta
2268 678 2520 763 septem

225 772 447 851 libras,
488 791 724 837 novem
775 770 1035 849 solidos,
1077 777 1144 835 et
1197 776 1477 855 quatuor
1526 768 1843 846 denarios,
1887 787 2094 832 unum
2145 763 2409 831 obolum
2453 770 2521 831 et

225 881 437 925 unum
453 859 478 900 ¹
536 858 984 945 quadrantem,
1042 855 1127 922 ad
1202 857 1468 922 Cur-iam
1539 862 1830 920 nostram
1888 852 2519 939 Augmentationum

227 947 711 1014 Reventionum
756 946 1024 1011 Ooronae
1075 949 1331 1022 nostrae,
1381 942 1466 1009 ad
1517 944 1762 1008 festum
1810 942 1871 1009 S.
1925 939 2269 1006 Michaelis
2312 937 2519 1004 Arch-

227 1033 445 1122 angeli
471 1032 746 1119 singulis
775 1033 966 1097 annis
995 1030 1323 1109 solvenda,
1351 1051 1470 1116 pro
1499 1030 1802 1095 omnibus
1830 1028 2133 1105 servitiis,
2154 1026 2517 1092 redditibus

225 1128 296 1189 et
346 1120 685 1188 demandis
743 1120 1255 1206 quibuscunque,
1305 1116 1579 1204 proinde
1630 1117 1817 1183 nobis
1876 1124 1945 1184 et
2002 1114 2366 1180 haeredibus
2409 1114 2520 1179 vel

231 1208 710 1275 successoribus
768 1207 1010 1273 nostris
1050 1226 1312 1292 quoquo
1369 1204 1563 1270 modo
1606 1201 1998 1281 reddendis,²
2038 1200 2367 1269 solvendis
2408 1200 2519 1267 vel

225 1294 544 1363 faciendis
585 1344 602 1361 .
648 1343 665 1360 .
711 1344 726 1359 .

312 1385 492 1450 Data
517 1382 693 1468 apud
721 1382 994 1447 Westm.
1021 1379 1188 1445 xviii
1215 1379 1322 1445 die
1351 1378 1599 1445 Martii.
1631 1378 1755 1444 Per
1782 1378 2000 1465 ipsum
2028 1378 2288 1463 Regem.

221 1632 734 1701 CCCLXXVII.
779 1631 1017 1697 Patent
1047 1630 1246 1709 Belle,
1281 1635 1360 1694 32
1387 1628 1591 1695 Henr.
1620 1644 1761 1694 vm.
1809 1628 2041 1715 [1540]
2072 1630 2164 1713 pt.
2200 1630 2259 1705 4,
2288 1644 2371 1691 m.
2406 1628 2516 1703 44,

519 1746 558 1809 '7
589 1744 768 1829 May.
857 1742 949 1809 To
981 1742 1085 1808 Sir
1111 1744 1159 1809 J
1161 1760 1336 1807 ames
1367 1742 1781 1825 Strangways
1811 1738 2010 1828 [inter
2036 1738 2221 1823 alia}

312 1894 564 1957 Damus
599 1892 798 1957 etiam
841 1896 908 1957 et
950 1910 1066 1975 per
1107 1898 1456 1976 praesentes
1501 1890 1913 1956 concedimus
1956 1888 2227 1975 praefato
2269 1886 2516 1953 Jacobo
2539 1910 2683 1955 emt
2692 1910 2757 1965 by

224 1980 638 2064 Strangways
667 1986 880 2045 totum
923 1979 1286 2043 manerium
1322 1978 1460 2044 sive
1501 1977 1829 2063 grangiam
1868 1985 2157 2042 nostram
2184 1976 2267 2041 de
2298 1975 2512 2041 More·
2536 1963 2617 2057 {¹1¹2
2624 1962 2823 2057 Jffito

221 2072 382 2131 tona
402 2068 597 2151 juxta
637 2066 760 2131 Est
802 2065 1143 2151 Harlesay,
1169 2066 1243 2130 in
1277 2065 1451 2131 dicto
1497 2066 1675 2131 Com.
1720 2071 1939 2130 nostro
1982 2064 2194 2140 Ebot„
2224 2069 2293 2129 et
2335 2062 2511 2128 dicto
2536 2065 2828 2159 sm

223 2153 627 2219 Monasterio
655 2153 736 2219 de
780 2152 1058 2238 Ryvalle
1101 2152 1173 2217 in
1216 2152 1392 2218 dicto
1445 2152 1777 2219 Comitatu
1819 2158 2040 2217 nostro
2084 2152 2273 2216 Ebor.
2318 2149 2510 2216 modo
2532 2126 2581 2209 fn
2600 2126 2711 2209 ὦ

223 2240 542 2306 dissoluto
602 2239 850 2305 dudum
902 2246 1304 2324 spectantem
1362 2245 1430 2304 et
1486 2240 1939 2325 pertinentem,
1991 2258 2066 2303 ac
2117 2237 2337 2303 omnia
2391 2236 2509 2301 illa
2530 2217 2853 2323 32²&ssss

221 2330 517 2413 quinque
547 2326 766 2393 clausa
807 2333 994 2393 terrae
1037 2332 1104 2393 et
1146 2332 1430 2412 pasturae
1458 2332 1681 2392 nostra
1707 2332 1937 2391 vocata
1978 2325 2041 2389 le
2071 2322 2509 2401 Stubbefelde,
2532 2320 2760 2413 Sissim

221 2416 287 2481 le
319 2414 743 2492 Stackeclose,
765 2414 829 2480 le
851 2413 1183 2492 Oxeclose,
1200 2413 1262 2479 le
1284 2413 1659 2479 Neweclose
1682 2420 1748 2479 et
1774 2413 1838 2479 le
1866 2411 2192 2497 Leyfelde,
2214 2417 2283 2477 et
2303 2431 2511 2476 unum
2534 2422 2791 2474 Hom-tm
2805 2420 2859 2465 οῖ

221 2522 536 2588 magnum
593 2508 853 2586 pratum
895 2508 1200 2567 vocatum
1242 2500 1306 2567 le
1351 2502 1778 2586 Grange-yng,
1806 2498 1981 2565 dicto
2030 2499 2321 2565 manerio
2372 2498 2512 2563 sive
2534 2472 2767 2517 mmm.
2798 2500 2806 2523 ¹

219 2590 504 2675 grangiae
534 2586 614 2654 de
643 2588 985 2655 Moretona
1013 2588 1372 2672 spectantia
1401 2594 1469 2653 et
1496 2586 1931 2673 pertinentia:
1974 2606 2051 2651 ac
2078 2586 2279 2651 etiam
2306 2592 2515 2651 totam

220 2676 577 2741 bercariam
606 2684 892 2741 nostram
922 2682 1217 2740 vocatam
1258 2674 1325 2740 le
1368 2674 1745 2759 Shepecote,
1777 2679 1845 2738 et
1871 2693 2181 2758 magnum
2210 2692 2516 2757 campum

219 2770 414 2829 terrae
441 2770 738 2829 nostrum
780 2770 1083 2827 vocatum
1125 2761 1189 2827 le
1241 2761 1593 2839 Coteselde,
1619 2762 1692 2826 in
1742 2760 1993 2826 duobus
2037 2759 2273 2825 clausis
2322 2758 2515 2824 modo

219 2850 527 2928 divisum,
556 2850 732 2915 dicto
773 2849 1060 2915 manerio
1103 2848 1243 2913 sive
1285 2849 1569 2933 grangias
1610 2867 1871 2933 quoquo
1912 2846 2107 2912 modo
2149 2850 2515 2931 spectantes

220 2937 364 3003 sive
391 2937 825 3023 pertinentes3
865 2956 1122 3001 necnon
1149 2941 1356 3001 totam
1399 2936 1586 3001 illam
1630 2944 1866 3001 terram
1900 2940 2191 2999 nostram
2216 2940 2517 2999 vocatam

79 3092 88 3097 ,
219 3023 636 3108 Wyker-lese
656 3025 984 3109 jacentem
1013 3024 1086 3087 in
1115 3044 1343 3107 campo
1373 3022 1454 3089 de
1482 3022 1606 3088 Est
1634 3021 1955 3105 Harlesey
1984 3021 2311 3105 praedicta,
2341 3020 2515 3086 dicto

217 3112 508 3177 manerio
537 3112 677 3177 sive
703 3110 986 3197 grangiae
1006 3128 1266 3195 quoquo
1284 3109 1475 3175 modo
1497 3116 1901 3195 spectantem
1924 3107 2029 3173 vel
2049 3108 2513 3193 pertinentem:

215 3218 296 3271 ac
323 3199 525 3264 etiam
553 3219 760 3263 unum
805 3198 1207 3283 mesuagium
1251 3204 1320 3263 et
1362 3203 1492 3263 tres
1537 3198 1804 3262 bovatas
1848 3204 1915 3262 et
1960 3195 2299 3261 dimidiam
2329 3202 2517 3261 terrae

217 3286 518 3351 arrabilis
547 3293 786 3363 nostra,
815 3306 890 3350 ac
919 3304 1120 3349 unam
1147 3304 1363 3349 acram
1391 3290 1579 3349 terres
1609 3284 1691 3349 de
1720 3284 1936 3368 Forby
1956 3282 2169 3361 londe,
2198 3302 2348 3347 cum
2377 3282 2515 3347 suis

215 3373 659 3458 pertinenciis,
702 3372 1029 3456 jacentem
1080 3372 1149 3436 in
1201 3370 1358 3435 villa
1409 3378 1478 3436 et
1521 3370 1844 3436 territorio
1896 3370 1979 3435 de
2020 3369 2141 3435 Est
2194 3368 2516 3453 Hulaeey

215 3459 548 3545 praedicta,
577 3480 786 3543 nuper
813 3460 885 3523 in
913 3466 1148 3525 tenura
1175 3458 1222 3524 J
1225 3458 1409 3524 acobi
1437 3457 1646 3543 Keye,
1675 3457 1850 3523 dicto
1879 3476 2086 3541 nuper
2115 3457 2515 3522 Monasterio

217 3547 302 3625 de
360 3546 640 3632 Ry‘valle
699 3566 960 3632 quoquo
1017 3546 1209 3611 modo
1269 3552 1675 3631 spectantem
1733 3544 1841 3611 vel
1898 3544 2376 3629 pertinentem:
2436 3563 2515 3609 ac

216 3634 418 3699 etiam
475 3654 683 3698 unum
739 3632 1159 3718 mesuagium,
1210 3639 1490 3717 quatuor
1539 3634 1809 3698 bovatas
1858 3638 2043 3697 terrae
2094 3630 2386 3695 arrabilis
2446 3638 2515 3696 et

216 3722 383 3785 duas
427 3741 606 3786 acres
635 3720 807 3805 prati
836 3728 1086 3785 nostras
1115 3720 1186 3785 in
1217 3720 1282 3785 le
1313 3720 1571 3804 Grange
1600 3719 1805 3805 Ynge,
1835 3719 2125 3803 jacentes
2154 3718 2229 3782 in
2254 3716 2417 3782 villa
2446 3724 2517 3783 et

215 3808 541 3872 territorio
585 3808 666 3874 de
695 3808 816 3875 Est
856 3807 1192 3890 Harlesey,
1220 3827 1430 3892 nuper
1473 3809 1546 3872 in
1589 3813 1823 3872 tenura
1864 3804 2129 3871 Thomae
2173 3804 2513 3890 Appelbie‚

216 3895 396 3959 dicto
425 3914 632 3979 nuper
670 3895 1069 3961 Monasterio
1113 3894 1195 3959 de
1238 3893 1514 3979 Ryvalle
1559 3892 1761 3959 simili
1802 3892 1995 3958 modo
2038 3890 2288 3957 dudum
2332 3912 2513 3977 spec-

213 3982 430 4047 tantia
459 3988 526 4047 et
553 3982 983 4067 pertinentia3
1025 4002 1278 4047 necnon
1300 4002 1508 4046 unum
1528 3981 1932 4065 mesuagium
1964 3986 2029 4045 et
2060 3979 2222 4045 duas
2244 3980 2513 4045 bovatas

209 4076 404 4134 terras
448 4068 740 4135 arrabih's
770 4075 1005 4145 nostra,
1035 4089 1186 4133 cum
1227 4068 1664 4153 pertinenciis,
1706 4068 1778 4132 in
1821 4067 1942 4132 Est
1985 4064 2317 4150 Harlesey'
2350 4086 2512 4151 prse-

215 4156 414 4235 dicta,
442 4176 652 4240 nuper
684 4156 759 4220 in
802 4163 1035 4221 tenura
1077 4156 1340 4221 Ricardi
1387 4156 1743 4241 Ohapman,
1788 4154 1965 4219 dicto
2008 4174 2219 4239 nuper
2246 4152 2512 4218 Mones·

211 4243 383 4308 terio
412 4242 494 4308 de
524 4242 804 4329 Ryvalle
832 4242 1036 4308 simili
1064 4242 1256 4307 modo
1288 4242 1538 4307 dudum
1582 4240 1946 4329 spectantia
1975 4246 2043 4306 et
2072 4240 2513 4326 pertinentia:

209 4350 469 4395 necnon
498 4350 708 4396 unum
750 4330 1153 4415 mesuagium
1206 4336 1274 4394 et
1322 4336 1603 4415 quatuor
1658 4330 1929 4395 bovatas
1978 4335 2167 4393 terrae
2216 4325 2511 4393 arrabilis

209 4423 456 4496 nostra,
483 4438 636 4483 cum
663 4416 1102 4503 pertinenciis,
1124 4416 1413 4501 jacentia
1455 4424 1524 4483 et
1553 4416 1903 4482 existentia
1939 4416 2013 4480 in
2040 4414 2203 4479 villa
2232 4420 2299 4479 et
2328 4413 2511 4480 terri-

569 4538 594 4573 ι
631 4539 828 4597 Um
1768 4538 1793 4571 ²
1822 4536 2125 4591 Reddenda.
