3075 5009
1121 541 1632 593 monum-101«.
2284 525 2524 590 lxxxiii

237 701 675 790 Karleolum‚
699 700 898 800 apud
925 699 1402 776 Beaumound
1430 728 1450 789 3
1503 711 1579 776 et
1608 701 1904 775 interim
1934 701 2138 776 misit
2172 699 2315 799 maj
2326 726 2515 774 orem

233 837 506 926 partem
543 827 912 910 exercitus,
951 827 1064 900 sui
1113 826 1212 901 ad
1261 826 1778 902 destruendam
1837 828 2155 927 patriam
2215 827 2513 900 circum-

233 979 532 1053 quaque,
571 964 649 1028 et
691 963 944 1052 postea
995 954 1348 1050 processit
1406 953 1487 1026 in
1542 951 1895 1053 Angliam
1950 978 2205 1029 versus
2263 952 2513 1026 Blake-

233 1081 583 1170 houmor;
639 1078 814 1178 quia
840 1089 1140 1178 propter
1192 1079 1699 1153 difficultatem
1753 1105 2101 1170 accessus,
2140 1102 2513 1176 nunquam

229 1206 324 1280 ibi
354 1206 562 1305 prius
595 1215 921 1293 venerat,
958 1229 1094 1279 nec
1124 1215 1368 1302 partes
1401 1205 1567 1280 fflas
1596 1205 2101 1280 destruxerat:
2149 1216 2313 1279 tum
2348 1204 2523 1303 quia

228 1329 836 1405 certitudinaliter
885 1329 1249 1406 didicerat
1298 1331 1575 1430 Regem
1618 1331 1913 1432 Angliae
1956 1332 2064 1406 ibi
2108 1355 2283 1406 esse.
2340 1389 2357 1405 .
2422 1388 2437 1404 .
2499 1387 2514 1402 .

229 1455 558 1546 Andreae,
617 1469 890 1546 autem,
969 1457 1130 1532 Rex
1215 1457 1619 1533 adventum
1692 1457 1850 1556 ejus
1934 1457 2249 1557 scripsit,
2326 1481 2523 1531 novo

227 1581 492 1658 comiti
527 1581 877 1671 Karleoli,
913 1592 1000 1657 ut
1050 1609 1305 1658 omnes
1355 1582 1667 1659 boriales
1718 1584 1812 1658 de
1866 1584 2243 1659 Comitatu
2279 1608 2410 1658 suo
2446 1595 2523 1658 et

227 1709 696 1797 Loncastriae,
753 1708 1033 1806 equites
1093 1720 1170 1784 et
1228 1709 1538 1806 pedites,
1601 1710 1730 1809 qui
1763 1721 2063 1808 possent
2116 1709 2211 1784 ad
2245 1708 2520 1783 bellum

224 1832 634 1933 procedere,
667 1845 1157 1933 congregaret,
1191 1845 1268 1909 et
1293 1835 1580 1910 veniret
1608 1835 1749 1910 sibi
1775 1835 1853 1908 in
1881 1835 2243 1910 auxilium
2268 1846 2523 1910 contra

225 1962 520 2038 Scotos:
573 1961 776 2061 quod
810 1972 886 2036 et
917 1960 1114 2049 fecit,
1151 1961 1412 2060 juncto
1457 1961 1598 2035 sibi
1644 1961 2019 2037 Comitatu
2057 1962 2517 2050 Loncastriae‚

224 2089 324 2162 ita
355 2085 558 2186 quod
594 2086 860 2162 habuit
893 2113 1048 2160 xxx
1081 2087 1316 2160 millia
1335 2086 1715 2161 hominum
1750 2099 2173 2185 paratorum
2209 2088 2304 2162 ad
2329 2113 2517 2186 proe-

225 2213 420 2289 lium.
556 2213 663 2287 Et
719 2213 894 2312 quia
946 2211 1148 2289 Scoti
1207 2222 1418 2286 erant
1473 2213 1553 2287 in
1612 2223 1823 2312 parte
1886 2213 2250 2302 orientali,
2305 2213 2522 2287 duxit

224 2365 382 2414 suos
446 2365 583 2439 per
651 2349 898 2436 partes
966 2338 1470 2427 occidentales,
1537 2352 1624 2412 ut
1709 2340 1995 2414 veniret
2057 2339 2154 2413 ad
2218 2339 2513 2438 Regem.

223 2465 416 2540 Scoti
449 2491 632 2540 vero
659 2464 872 2538 villas
897 2475 973 2538 et
994 2465 1318 2540 maneria
1342 2466 1421 2539 in
1448 2464 1984 2540 Blakehoumor
2012 2464 2515 2554 incenderunt,

223 2602 293 2664 et
351 2601 726 2690 quantum
776 2601 1120 2688 poterant
1178 2591 1426 2665 omnia
1487 2601 1990 2681 vastaverunt,
2052 2603 2128 2666 et
2188 2591 2521 2665 homines

223 2718 550 2816 captivos
623 2725 700 2790 et
767 2715 1000 2813 spolia
1053 2728 1127 2790 et
1185 2716 1472 2815 praedas
1529 2716 1957 2791 animalium
2027 2716 2515 2791 abduxerunt.

223 2843 474 2916 Comes
507 2851 763 2916 autem
795 2840 1326 2932 Richmundiae,
1375 2841 1740 2916 Dominus
1774 2842 1822 2915 J
1827 2843 2155 2917 ohannes
2188 2841 2280 2916 de
2326 2841 2515 2915 Brit-

220 2967 454 3059 annia,
486 2966 762 3040 missus
807 2992 976 3040 cum
1027 2967 1176 3040 suis
1229 2992 1318 3040 ex
1377 2979 1586 3066 parte
1642 2969 1862 3069 Regis
1923 2967 2215 3068 Angliae
2264 2968 2360 3042 ad
2396 2993 2515 3042 ex-

221 3092 660 3192 plorandum
732 3091 1150 3168 Scottorum
1216 3094 1641 3183 exercitum,
1714 3096 1806 3169 de
1871 3094 2193 3194 quodam
2268 3105 2515 3169 monte

217 3223 398 3295 inter
447 3217 858 3294 Abbatiam
908 3219 1000 3292 de
1044 3215 1593 3318 Rievalli[bu]8‚
1626 3220 1805 3318 ipsis
1851 3221 2093 3295 subito
2140 3245 2513 3294 occurren-

217 3345 406 3421 tibus
457 3355 539 3419 et
587 3369 682 3418 ex
727 3345 1096 3441 insperato
1149 3346 1860 3443 supervenientibuS‚
1916 3345 2293 3420 nitebatur
2346 3370 2515 3419 cum

219 3472 381 3559 suia,
445 3495 584 3570 per
643 3469 923 3568 lapides
982 3469 1360 3569 projectos,
1417 3469 1773 3568 impedire
1826 3496 2208 3548 ascensum
2264 3495 2514 3544 eorum

219 3623 338 3695 per
369 3594 755 3697 quandam
804 3595 1002 3668 viam
1053 3606 1330 3670 arctam
1384 3607 1460 3670 et
1491 3597 1823 3670 strictam
1874 3597 1948 3670 in
1986 3607 2258 3672 monte.
2368 3596 2513 3672 Sed

218 3723 484 3798 Scottis
529 3720 874 3795 ferociter
927 3730 1003 3794 et
1053 3721 1416 3819 intrepide
1468 3722 2027 3797 ascendentibus
2080 3749 2299 3822 super
2368 3749 2509 3812 eoS,

221 3849 434 3924 multi
505 3847 810 3947 Anglici
876 3872 1008 3945 per
1075 3846 1328 3947 fugam
1397 3861 1811 3937 evaserunt,
1881 3859 1956 3923 et
2026 3848 2246 3924 multi
2317 3849 2514 3949 capti

219 3986 402 4066 sunt,
479 3998 655 4048 cum
726 3972 1012 4047 Comite
1083 3973 1518 4071 supradicto.
1582 4032 1596 4048 .
1658 4032 1673 4048 .
1735 4032 1751 4048 .
1812 3975 2027 4064 Quod
2092 4000 2260 4049 cum
2330 3974 2513 4074 Regi

217 4101 522 4201 Angliae,
562 4099 696 4198 qui
739 4109 918 4174 tunc
963 4109 1119 4174 erat
1161 4100 1243 4173 in
1295 4100 1617 4175 Abbatia
1650 4099 1741 4175 de
1794 4100 2126 4190 Rivallis‚
2163 4101 2510 4190 innotuit,

219 4229 388 4326 ipse,
425 4226 560 4326 qui
597 4251 884 4323 semper
916 4225 1154 4300 fuerat
1189 4227 1426 4301 cordis
1459 4226 1715 4324 pavidi
1768 4238 1843 4302 et
1885 4227 2385 4301 infortunatus
2430 4227 2508 4300 in

217 4353 440 4442 bellis,
479 4363 560 4426 et
605 4351 734 4451 qui
784 4349 1076 4450 fugerat
1118 4351 1213 4425 ab
1269 4353 1372 4426 eis
1431 4377 1585 4450 prae
1637 4353 1898 4427 timore
1934 4354 2015 4428 in
2051 4353 2317 4442 Scotia,
2350 4353 2508 4450 jam

215 4477 458 4578 fugam
521 4477 696 4550 iniit
751 4476 834 4549 in
886 4475 1175 4573 Anglia‚
1207 4503 1382 4552 vasa
1441 4503 1575 4552 sua
1634 4489 1977 4578 argentea
2035 4490 2110 4555 et
2155 4503 2505 4578 magnum
