3075 5009
892 515 1369 566 GARTULARIUM
1399 515 1860 567 RIEVALLENSE.
2395 507 2422 566 1
2437 507 2470 566 9
2480 507 2514 565 3

236 673 521 757 amplius
551 673 826 758 exigatis
862 694 1059 758 quam
1102 674 1243 758 ipse
1284 673 1597 759 praefatus
1640 675 1864 740 Abbas
1887 675 1910 714 ¹
1955 675 2140 741 vobis
2186 677 2521 741 consuevit

234 759 601 844 persolvere
623 760 651 800 ²
695 782 813 847 pro
858 811 873 826 .
920 811 935 824 .
980 811 997 826 .
1043 759 1089 826 ,⁸
1174 761 1365 840 Quod
1408 761 1467 825 si
1532 760 1615 825 ad
1659 761 1893 827 illicita
1935 783 2168 829 manus
2213 762 2516 828 extende-

132 901 153 918 .
235 846 401 925 ritis,
452 848 639 912 vobis
686 868 833 932 quae
875 848 1069 912 modo
1116 867 1233 932 per
1275 848 1810 932 compositionem
1857 855 2015 914 sunt
2061 850 2244 916 licita
2294 849 2521 934 procul

237 933 438 1000 dubio
467 935 861 1000 auferentur.
951 935 1200 1000 Datum
1228 934 1580 1000 Tusculani
1609 935 1728 1000 viii
1756 935 1884 1002 kal.
1915 936 2162 1002 Martii.

325 1107 613 1173 GOLIX.
660 1124 929 1173 coxxm.
974 1108 1393 1173 Alexander.
1440 1158 1456 1172 .
1502 1159 1517 1174 .
1563 1108 1955 1175 Eboracensi
1997 1110 2519 1195 Archiepiscop0,
2547 1126 2648 1169 Bou
2665 1129 2726 1178 by
2736 1127 2854 1180 Pope

235 1195 631 1278 Apostolicae
698 1196 882 1260 Sedis
942 1195 1197 1279 Legato,
1248 1203 1315 1260 et
1382 1195 1688 1262 Dunelm.
1751 1197 2090 1282 Episcop0,
2137 1208 2205 1262 et
2262 1197 2518 1262 dilectis
2543 1179 2810 1280 ffl?fflt

236 1281 410 1360 filiis,
490 1282 983 1347 Archidiaconis
1071 1290 1137 1347 et
1224 1282 1507 1348 Decanis
1573 1282 1646 1350 in
1724 1304 1948 1348 eorum
2021 1285 2515 1368 Episcopatibus
2541 1279 2718 1371 2¹1¹&ssssss
2735 1280 2808 1331 ¹⁸³*

236 1368 626 1434 constitutis,
671 1419 686 1434 .
734 1419 750 1436 .
795 1418 811 1434 .
858 1371 925 1433 N
926 1390 1010 1434 on
1058 1376 1159 1434 est
1202 1368 1475 1433 dubium
1525 1370 1730 1447 vobis,
1780 1371 1952 1436 sicut
1999 1371 2338 1449 credimus,
2410 1372 2517 1436 vel
2539 1381 2684 1422 hmdu
2699 1391 2756 1422 01¹

233 1455 576 1533 incertum,
634 1456 954 1540 quomodo
1027 1456 1141 1532 hii,
1215 1456 1331 1539 qui
1388 1456 1708 1521 violentas
1783 1477 2016 1523 manus
2087 1458 2160 1522 in
2233 1458 2516 1536 clericos,
2539 1431 2767 1524 32&ss

234 1542 605 1619 monachos,
632 1553 747 1609 aut
775 1543 1052 1627 alicujus
1096 1541 1454 1627 Religionis
1498 1563 1840 1610 conversos
1883 1544 2208 1628 injiciunt,
2251 1565 2333 1610 ex
2363 1565 2512 1611 con-

234 1628 579 1694 stitutione
640 1629 970 1695 Generalis
1030 1629 1309 1694 Concilii
1380 1631 1773 1695 sententiam
1830 1632 2513 1698 excommunicationis

233 1715 596 1794 incurrunt,
625 1737 761 1794 nec,
792 1717 922 1782 nisi
966 1717 1037 1780 in
1081 1717 1357 1781 articulo
1398 1717 1648 1794 mortiS,
1695 1719 1838 1784 sine
1881 1719 2188 1784 mandato
2233 1719 2512 1784 Romani

234 1802 571 1869 Pontificis
628 1803 1055 1868 absolutionis
1105 1809 1380 1888 possunt
1434 1802 1654 1889 [164b]
1706 1806 2089 1871 beneficium
2147 1807 2508 1890 impetrare.

234 1889 404 1954 Inde
452 1897 551 1955 est
597 1890 773 1974 quod
818 1891 965 1974 paci
1012 1897 1079 1955 et
1122 1890 1331 1974 quieti
1375 1891 1848 1976 Religiosorum
1891 1893 2199 1971 virorum,
2236 1894 2510 1958 fratrum

232 1976 619 2042 Monasterii
649 1977 1097 2055 Rievallensis,
1125 1977 1401 2043 sollicite
1418 1977 1776 2062 providere,
1805 1985 1873 2044 et
1901 2000 1942 2044 a
1970 1980 2106 2045 suis
2127 1981 2511 2065 gravamini·

233 2064 357 2128 bus
402 2071 469 2128 et
517 2064 775 2147 injuriis
828 2064 1257 2147 malignorum
1296 2065 1634 2130 audaciam
1657 2067 1998 2132 refraenare
2040 2067 2352 2145 volenteS,
2382 2068 2510 2133 dis-

232 2150 505 2215 cretioni
532 2157 763 2216 vestrae
792 2171 909 2236 per
949 2151 1329 2235 Apostolica
1368 2153 1611 2236 scripta
1652 2154 2085 2238 praecipiendo
2128 2155 2510 2220 mandamus

232 2237 543 2320 quatinus
572 2237 1028 2321 parrochianos
1071 2244 1336 2315 vestroS,
1366 2239 1482 2322 qui
1523 2240 1597 2303 in
1640 2240 1990 2306 monachos
2018 2241 2125 2305 vel
2171 2261 2510 2307 conversos

230 2324 441 2407 ipsius
501 2325 886 2390 Monasterii
957 2325 1277 2389 violentas
1336 2346 1570 2392 manus
1641 2326 2003 2409 injecerint,
2062 2327 2375 2393 dilatione
2447 2337 2513 2394 et

230 2409 667 2494 appellatione
710 2417 1020 2489 cessante,
1061 2411 1323 2496 publice
1366 2414 1958 2479 excommunicatos
2001 2414 2418 2492 denuntietis,
2446 2422 2514 2480 et

230 2498 489 2562 tamdiu
558 2498 813 2563 faciatis
880 2499 1051 2564 sicut
1118 2499 1712 2565 excommunicatos
1777 2501 1974 2565 vitari
2047 2502 2254 2566 donec
2304 2502 2514 2587 passis

226 2585 537 2668 injuriam
580 2605 857 2670 congrue
901 2585 1303 2654 satisfaciant
1344 2592 1428 2663 et,
1471 2606 1622 2651 cum
1650 2586 1886 2652 litteris
1929 2588 2088 2671 ejus,
2130 2589 2316 2672 cujus
2361 2595 2515 2652 sunt

228 2671 659 2754 parrochiani,
704 2672 1083 2757 Apostolico
1144 2693 1215 2738 se
1265 2673 1642 2758 conspectui
1697 2680 2176 2760 repraesentent.
2263 2676 2512 2744 Datum

228 2757 605 2836 Tusculani,
631 2760 703 2824 ix
731 2759 861 2824 kal.
891 2758 1157 2844 Aprilis.

318 2931 568 2998 CGLX.
614 2948 909 2998 ccxxml.
931 2932 1300 2998 Alexander
1327 2982 1342 2998 .
1374 2983 1391 3000 .
1419 2983 1435 3000 .
1465 2933 1656 3001 Ebor.
1685 2935 2206 3020 Archiepiscop0‚
2233 2935 2512 3020 Aposto-
2538 2965 2748 3007 mandate

224 3019 373 3084 licae
403 3019 585 3084 Sedis
609 3020 863 3105 Legato,
886 3027 954 3084 et
974 3020 1277 3084 Dunelm.
1302 3020 1637 3106 Episcopo.
1662 3073 1677 3088 .
1708 3071 1725 3088 .
1755 3071 1770 3088 .
1801 3023 2105 3088 Relatum
2128 3029 2226 3088 est
2248 3024 2514 3089 auribus
2536 3015 2656 3119 {233
2667 3017 2819 3108 ''gg“th,

227 3106 468 3172 nostris
510 3108 685 3191 quod
726 3107 883 3172 licet
925 3106 1148 3172 dilecti
1190 3107 1313 3171 filii
1354 3109 1578 3188 nostri,
1604 3108 1829 3174 Abbas
1874 3115 1942 3175 et
1984 3111 2212 3176 fratres
2257 3110 2514 3176 Rieval·
2535 3118 2826 3210 fflssiglffi

224 3193 461 3270 lenses‚
534 3215 683 3258 cum
711 3281 725 3294 .
751 3193 1141 3278 quibusdam
1192 3193 1499 3260 Ecclesiis
1566 3203 1927 3261 vestrorum
1999 3198 2508 3297 Episcopatuum
2534 3219 2613 3260 the
2629 3219 2797 3270 Bishop

225 3301 424 3366 super
494 3279 765 3346 decimis
821 3301 937 3365 pro
1009 3281 1177 3345 bono
1234 3281 1415 3366 pacis
1472 3291 1987 3368 composuerunt,
2047 3284 2508 3350 nichilominus
2531 3270 2584 3362 ἓξ
2597 3270 2798 3362 ffihffl

225 3375 449 3434 tamen
478 3387 673 3452 super
701 3368 806 3433 his
834 3389 905 3433 se
946 3366 1299 3452 inquietari
1341 3377 1714 3454 proponunt
1743 3377 1811 3435 et
1851 3371 2135 3455 graviter
2162 3371 2504 3437 molestari.
2533 3371 2801 3464 ξῗξζξῶξοΐ

227 3455 555 3520 Caeterum
594 3454 799 3540 [cum]
844 3454 999 3519 inde
1042 3454 1285 3520 eisdem
1328 3457 1637 3522 fratribus
1666 3457 1750 3521 ab
1777 3457 2154 3542 Apostolica
2197 3459 2286 3524 sit
2343 3459 2508 3524 Sede
2531 3472 2750 3513 hamless
2769 3473 2814 3512 in

224 3541 579 3620 indultum,
608 3549 687 3606 ut
728 3541 897 3605 nulli
939 3542 1221 3606 decimas
1266 3549 1612 3607 teneantur
1652 3545 2014 3628 persolvere
2056 3544 2139 3610 de
2177 3545 2508 3610 laboribus
2531 3523 2832 3624 iffffmffipn

226 3649 389 3713 quos
418 3629 698 3713 propriis
726 3628 1027 3692 manibus
1057 3635 1173 3692 aut
1216 3629 1587 3714 sumptibus
1631 3630 1954 3708 excolunt,
1983 3631 2064 3696 de
2092 3653 2344 3717 magna,
2373 3653 2507 3697 non
2531 3624 2810 3716 *gossffitffies

226 3723 329 3782 est
356 3715 649 3793 dubium,
682 3712 833 3802 [eis]
862 3715 1235 3780 humilitate
1277 3717 1622 3800 procedere
1652 3717 1712 3782 si
1753 3738 1948 3802 quam
1993 3719 2510 3786 condescendant
2532 3724 2827 3818 meffeghw

224 3803 310 3870 ad
380 3802 913 3888 compositionem
981 3801 1216 3868 exinde
1274 3803 1658 3869 faciendam.
1778 3805 2062 3892 Ideoque
2114 3807 2510 3872 fraternitati
2533 3826 2820 3870 commutes.

225 3896 461 3956 vestrae
488 3910 606 3977 per
630 3889 1009 3974 Apostolica
1038 3889 1281 3975 scripta
1307 3890 1742 3976 praecipiendo
1771 3893 2156 3958 mandamus
2202 3895 2510 3978 quatinus

290 4063 313 4095 ¹
345 4063 479 4116 This
511 4064 559 4114 is
592 4063 813 4115 written
838 4063 1057 4129 praefati
1090 4062 1307 4124 abbatis,
1424 4071 1579 4116 notes
1599 4065 1776 4117 which
1795 4067 1992 4120 follow.

228 4129 467 4181 whichis
486 4128 765 4208 obviously
779 4145 979 4194 wrong.
1050 4128 1313 4180 Whether
1489 4154 1511 4187 2
1544 4155 1778 4208 pond&

228 4195 322 4247 the
346 4193 688 4246 emendation
720 4211 767 4246 is
788 4194 937 4260 right
969 4193 1017 4244 is
1048 4209 1085 4244 a
1113 4198 1313 4244 matter
1777 4193 1793 4210 ⁰

226 4259 284 4310 of
326 4259 515 4312 doubt.
586 4259 699 4310 The
743 4259 916 4311 whole
1150 4274 1181 4310 e
1222 4274 1255 4308 a
1294 4283 1313 4294 -
1491 4256 1515 4290 ⁸
1547 4257 1678 4310 This
1721 4259 1768 4310 is
1811 4264 1908 4311 not
1962 4259 2350 4326 decipherable.
2453 4260 2510 4312 It

226 4341 383 4392 pects
414 4329 477 4376 to
506 4324 573 4375 be
606 4341 761 4376 eorm
800 4329 845 4386 t,
878 4275 989 4374 ang
1019 4273 1190 4374 unger
1222 4329 1249 4374 t
1285 4338 1316 4375 e
1428 4323 1580 4374 looks
1601 4340 1746 4376 more
1767 4325 1878 4375 like
1898 4325 1990 4376 c'te
2018 4327 2208 4376 sermri
2229 4325 2362 4376 than
2382 4341 2510 4390 any·

170 4439 177 4446 .
226 4391 641 4442 circumstances
662 4390 720 4441 of
740 4395 766 4442 t
804 4405 836 4440 e
856 4405 978 4442 case
999 4390 1047 4440 it
1066 4403 1235 4440 seems
1258 4393 1317 4439 to
1429 4389 1586 4455 thing
1605 4389 1730 4440 else.
1799 4389 1857 4441 It
1877 4391 1924 4440 is
1957 4391 2106 4456 quite
2127 4391 2202 4441 im
2328 4389 2433 4441 'blo
2454 4395 2513 4441 to

227 4455 295 4506 be
312 4454 621 4521 impossible
634 4460 693 4506 to
706 4459 983 4506 construet
1003 4470 1073 4504 an
1085 4454 1317 4520 entirely
1429 4459 1647 4532 suggest
1667 4469 1701 4505 a
1721 4454 2062 4522 satisfactory
2083 4472 2112 4506 r
2270 4471 2306 4522 g
2326 4471 2396 4507 on
2419 4455 2512 4506 the

227 4521 575 4586 satisfactory
613 4519 849 4587 reading.
934 4519 1033 4572 See
1077 4519 1171 4571 the
1206 4524 1317 4570 two
1430 4517 1574 4570 basis
1594 4535 1654 4570 so
1675 4519 1926 4571 affor-ded.
