<?xml version="1.0" encoding="UTF-8"?>
<!DOCTYPE html PUBLIC "-//W3C//DTD XHTML 1.0 Transitional//EN"
    "http://www.w3.org/TR/xhtml1/DTD/xhtml1-transitional.dtd">
<html xmlns="http://www.w3.org/1999/xhtml" xml:lang="en" lang="en">
 <head>
  <title>
</title>
<meta http-equiv="Content-Type" content="text/html;charset=utf-8" />
  <meta name='ocr-system' content='tesseract 3.04.00' />
  <meta name='ocr-capabilities' content='ocr_page ocr_carea ocr_par ocr_line ocrx_word'/>
</head>
<body>
  <div class='ocr_page' id='page_1' title='image "./cartulariumabba00atkigoog_0527.png"; bbox 0 0 3075 5009; ppageno 0'>
   <div class='ocr_carea' id='block_1_1' title="bbox 594 492 2205 551">
    <p class='ocr_par' dir='ltr' id='par_1_1' title="bbox 594 492 2205 551">
     <span class='ocr_line' id='line_1_1' title="bbox 594 492 2205 551; baseline -0.003 -2"><span class='ocrx_word' id='word_1_1' title='bbox 594 492 717 551; x_wconf 82' lang='lat'><strong>404</strong></span> <span class='ocrx_word' id='word_1_2' title='bbox 1244 498 1717 549; x_wconf 77' lang='lat' dir='ltr'><strong>cAR&#39;rULARIUM</strong></span> <span class='ocrx_word' id='word_1_3' title='bbox 1748 497 2205 546; x_wconf 70' lang='lat' dir='ltr'>RIEVALLENSE.</span> 
     </span>
    </p>
   </div>
   <div class='ocr_carea' id='block_1_2' title="bbox 589 668 2879 1556">
    <p class='ocr_par' dir='ltr' id='par_1_2' title="bbox 589 668 2879 1556">
     <span class='ocr_line' id='line_1_2' title="bbox 675 668 2878 900; baseline -0.002 -95"><span class='ocrx_word' id='word_1_4' title='bbox 675 748 770 805; x_wconf 86' lang='grc'><strong>81.</strong></span> <span class='ocrx_word' id='word_1_5' title='bbox 815 743 1076 827; x_wconf 84' lang='lat' dir='ltr'><strong>[Placita</strong></span> <span class='ocrx_word' id='word_1_6' title='bbox 1115 743 1292 805; x_wconf 76' lang='lat' dir='ltr'><strong>Ebor-</strong></span> <span class='ocrx_word' id='word_1_7' title='bbox 1339 746 1366 803; x_wconf 93' lang='lat'>1</span> <span class='ocrx_word' id='word_1_8' title='bbox 1409 668 1448 900; x_wconf 45' lang='grc' dir='ltr'>ἓ</span> <span class='ocrx_word' id='word_1_9' title='bbox 1495 746 1552 816; x_wconf 81' lang='grc'><strong>2,</strong></span> <span class='ocrx_word' id='word_1_10' title='bbox 1582 742 1623 802; x_wconf 82' lang='lat' dir='ltr'><strong>f.</strong></span> <span class='ocrx_word' id='word_1_11' title='bbox 1657 742 1785 803; x_wconf 76' lang='lat'>331³.</span> <span class='ocrx_word' id='word_1_12' title='bbox 1862 746 1895 802; x_wconf 79' lang='grc'><strong>7</strong></span> <span class='ocrx_word' id='word_1_13' title='bbox 1927 742 2095 802; x_wconf 84' lang='lat' dir='ltr'><strong>Edw.</strong></span> <span class='ocrx_word' id='word_1_14' title='bbox 2129 757 2169 802; x_wconf 88' lang='lat'><strong>1.</strong></span> <span class='ocrx_word' id='word_1_15' title='bbox 2202 740 2467 823; x_wconf 56' lang='lat'><strong>(1273).]</strong></span> <span class='ocrx_word' id='word_1_16' title='bbox 2528 739 2878 801; x_wconf 80' lang='lat' dir='ltr'><strong>willelmus</strong></span> 
     </span>
     <span class='ocr_line' id='line_1_3' title="bbox 589 902 2879 984; baseline -0.002 -16"><span class='ocrx_word' id='word_1_17' title='bbox 589 908 670 969; x_wconf 91' lang='lat' dir='ltr'><strong>de</strong></span> <span class='ocrx_word' id='word_1_18' title='bbox 724 906 1002 969; x_wconf 86' lang='lat' dir='ltr'><strong>Vallibus</strong></span> <span class='ocrx_word' id='word_1_19' title='bbox 1059 915 1124 968; x_wconf 88' lang='lat' dir='ltr'><strong>et</strong></span> <span class='ocrx_word' id='word_1_20' title='bbox 1177 904 1392 979; x_wconf 86' lang='lat' dir='ltr'><strong>Alicia,</strong></span> <span class='ocrx_word' id='word_1_21' title='bbox 1451 926 1609 967; x_wconf 85' lang='lat' dir='ltr'><strong>uxor</strong></span> <span class='ocrx_word' id='word_1_22' title='bbox 1670 906 1821 984; x_wconf 86' lang='lat' dir='ltr'><strong>ejus,</strong></span> <span class='ocrx_word' id='word_1_23' title='bbox 1888 912 2110 983; x_wconf 85' lang='lat' dir='ltr'><strong>petunt</strong></span> <span class='ocrx_word' id='word_1_24' title='bbox 2162 923 2373 965; x_wconf 86' lang='lat' dir='ltr'><strong>versus</strong></span> <span class='ocrx_word' id='word_1_25' title='bbox 2432 902 2743 965; x_wconf 82' lang='lat' dir='ltr'><strong>Abbatem</strong></span> <span class='ocrx_word' id='word_1_26' title='bbox 2799 902 2879 963; x_wconf 80' lang='lat' dir='ltr'><strong>de</strong></span> 
     </span>
     <span class='ocr_line' id='line_1_4' title="bbox 590 984 2873 1066; baseline -0.003 -16"><span class='ocrx_word' id='word_1_27' title='bbox 590 988 829 1051; x_wconf 84' lang='lat' dir='ltr'><strong>Rivalle</strong></span> <span class='ocrx_word' id='word_1_28' title='bbox 869 988 1116 1049; x_wconf 83' lang='lat' dir='ltr'><strong>tertiam</strong></span> <span class='ocrx_word' id='word_1_29' title='bbox 1156 994 1392 1066; x_wconf 86' lang='lat' dir='ltr'><strong>partem</strong></span> <span class='ocrx_word' id='word_1_30' title='bbox 1425 986 1490 1047; x_wconf 83' lang='lat' dir='ltr'><strong>xl</strong></span> <span class='ocrx_word' id='word_1_31' title='bbox 1521 1006 1795 1047; x_wconf 87' lang='lat' dir='ltr'><strong>acrarum</strong></span> <span class='ocrx_word' id='word_1_32' title='bbox 1837 993 2015 1046; x_wconf 84' lang='lat' dir='ltr'><strong>terrae</strong></span> <span class='ocrx_word' id='word_1_33' title='bbox 2042 992 2107 1046; x_wconf 91' lang='lat' dir='ltr'><strong>et</strong></span> <span class='ocrx_word' id='word_1_34' title='bbox 2132 1006 2178 1046; x_wconf 83' lang='lat' dir='ltr'>x</span> <span class='ocrx_word' id='word_1_35' title='bbox 2204 1004 2477 1047; x_wconf 83' lang='lat' dir='ltr'><strong>acrarum</strong></span> <span class='ocrx_word' id='word_1_36' title='bbox 2520 984 2679 1064; x_wconf 88' lang='lat' dir='ltr'><strong>prati</strong></span> <span class='ocrx_word' id='word_1_37' title='bbox 2726 1033 2741 1046; x_wconf 93' lang='lat'><strong>.</strong></span> <span class='ocrx_word' id='word_1_38' title='bbox 2794 1032 2809 1044; x_wconf 88' lang='lat'>.</span> <span class='ocrx_word' id='word_1_39' title='bbox 2858 1032 2873 1044; x_wconf 92' lang='lat'><em>.</em></span> 
     </span>
     <span class='ocr_line' id='line_1_5' title="bbox 591 1065 2873 1148; baseline -0.002 -17"><span class='ocrx_word' id='word_1_40' title='bbox 591 1070 656 1131; x_wconf 91' lang='lat' dir='ltr'><strong>in</strong></span> <span class='ocrx_word' id='word_1_41' title='bbox 705 1069 1060 1144; x_wconf 87' lang='lat' dir='ltr'><strong>Folketona,</strong></span> <span class='ocrx_word' id='word_1_42' title='bbox 1113 1076 1186 1129; x_wconf 89' lang='lat' dir='ltr'><strong>ut</strong></span> <span class='ocrx_word' id='word_1_43' title='bbox 1233 1068 1439 1129; x_wconf 89' lang='lat' dir='ltr'><strong>dotem</strong></span> <span class='ocrx_word' id='word_1_44' title='bbox 1488 1068 1679 1148; x_wconf 88' lang='lat' dir='ltr'><strong>ipsius</strong></span> <span class='ocrx_word' id='word_1_45' title='bbox 1727 1066 1955 1141; x_wconf 73' lang='lat' dir='ltr'><strong>Aliciae,</strong></span> <span class='ocrx_word' id='word_1_46' title='bbox 2008 1066 2086 1128; x_wconf 91' lang='lat' dir='ltr'><strong>de</strong></span> <span class='ocrx_word' id='word_1_47' title='bbox 2134 1065 2451 1128; x_wconf 89' lang='lat' dir='ltr'><strong>dotatione</strong></span> <span class='ocrx_word' id='word_1_48' title='bbox 2498 1065 2744 1127; x_wconf 87' lang='lat' dir='ltr'><strong>Ranulfi</strong></span> <span class='ocrx_word' id='word_1_49' title='bbox 2792 1066 2873 1127; x_wconf 89' lang='lat' dir='ltr'><strong>de</strong></span> 
     </span>
     <span class='ocr_line' id='line_1_6' title="bbox 590 1146 2875 1231; baseline -0.003 -17"><span class='ocrx_word' id='word_1_50' title='bbox 590 1150 942 1226; x_wconf 85' lang='lat' dir='ltr'><strong>Folketona,</strong></span> <span class='ocrx_word' id='word_1_51' title='bbox 963 1149 1272 1231; x_wconf 86' lang='lat' dir='ltr'><strong>quondam</strong></span> <span class='ocrx_word' id='word_1_52' title='bbox 1288 1150 1403 1210; x_wconf 88' lang='lat' dir='ltr'><strong>viri</strong></span> <span class='ocrx_word' id='word_1_53' title='bbox 1427 1148 1730 1228; x_wconf 81' lang='lat' dir='ltr'><strong>praedictae</strong></span> <span class='ocrx_word' id='word_1_54' title='bbox 1746 1147 1973 1209; x_wconf 84' lang='lat' dir='ltr'><strong>Aliciae.</strong></span> <span class='ocrx_word' id='word_1_55' title='bbox 2022 1146 2105 1208; x_wconf 90' lang='lat' dir='ltr'><strong>Et</strong></span> <span class='ocrx_word' id='word_1_56' title='bbox 2123 1146 2349 1222; x_wconf 86' lang='lat' dir='ltr'><strong>Abbas,</strong></span> <span class='ocrx_word' id='word_1_57' title='bbox 2360 1166 2469 1227; x_wconf 91' lang='lat' dir='ltr'><strong>per</strong></span> <span class='ocrx_word' id='word_1_58' title='bbox 2489 1154 2875 1209; x_wconf 86' lang='lat' dir='ltr'><strong>attornatum</strong></span> 
     </span>
     <span class='ocr_line' id='line_1_7' title="bbox 589 1226 2875 1308; baseline -0.003 -15"><span class='ocrx_word' id='word_1_59' title='bbox 589 1252 784 1308; x_wconf 84' lang='lat' dir='ltr'><strong>suum,</strong></span> <span class='ocrx_word' id='word_1_60' title='bbox 816 1232 988 1293; x_wconf 84' lang='lat' dir='ltr'><strong>venit</strong></span> <span class='ocrx_word' id='word_1_61' title='bbox 1013 1240 1077 1292; x_wconf 90' lang='lat' dir='ltr'><strong>et</strong></span> <span class='ocrx_word' id='word_1_62' title='bbox 1104 1230 1246 1292; x_wconf 90' lang='lat' dir='ltr'><strong>inde</strong></span> <span class='ocrx_word' id='word_1_63' title='bbox 1275 1240 1453 1291; x_wconf 84' lang='lat' dir='ltr'><strong>vocat</strong></span> <span class='ocrx_word' id='word_1_64' title='bbox 1483 1230 1565 1291; x_wconf 82' lang='lat' dir='ltr'><strong>ad</strong></span> <span class='ocrx_word' id='word_1_65' title='bbox 1595 1230 1949 1291; x_wconf 81' lang='lat' dir='ltr'><strong>warantiam</strong></span> <span class='ocrx_word' id='word_1_66' title='bbox 1986 1227 2312 1290; x_wconf 88' lang='lat' dir='ltr'><strong>Ricardum</strong></span> <span class='ocrx_word' id='word_1_67' title='bbox 2351 1228 2431 1291; x_wconf 91' lang='lat' dir='ltr'><strong>de</strong></span> <span class='ocrx_word' id='word_1_68' title='bbox 2470 1228 2687 1307; x_wconf 83' lang='lat' dir='ltr'><strong>Lascy,</strong></span> <span class='ocrx_word' id='word_1_69' title='bbox 2714 1227 2761 1289; x_wconf 88' lang='lat' dir='ltr'><strong>J</strong></span> <span class='ocrx_word' id='word_1_70' title='bbox 2762 1226 2875 1287; x_wconf 90' lang='lat' dir='ltr'><strong>uli-</strong></span> 
     </span>
     <span class='ocr_line' id='line_1_8' title="bbox 591 1309 2867 1392; baseline -0.003 -17"><span class='ocrx_word' id='word_1_71' title='bbox 591 1334 768 1375; x_wconf 88' lang='lat' dir='ltr'><strong>anam</strong></span> <span class='ocrx_word' id='word_1_72' title='bbox 808 1333 1062 1374; x_wconf 82' lang='lat' dir='ltr'><strong>uxorem</strong></span> <span class='ocrx_word' id='word_1_73' title='bbox 1103 1312 1156 1391; x_wconf 88' lang='lat' dir='ltr'><strong>ej</strong></span> <span class='ocrx_word' id='word_1_74' title='bbox 1165 1332 1252 1385; x_wconf 88' lang='lat' dir='ltr'><strong>us,</strong></span> <span class='ocrx_word' id='word_1_75' title='bbox 1295 1312 1601 1392; x_wconf 85' lang='lat' dir='ltr'><strong>Rogerum</strong></span> <span class='ocrx_word' id='word_1_76' title='bbox 1644 1312 1701 1372; x_wconf 90' lang='lat' dir='ltr'><strong>le</strong></span> <span class='ocrx_word' id='word_1_77' title='bbox 1744 1310 1972 1371; x_wconf 85' lang='lat' dir='ltr'><strong>Pescur</strong></span> <span class='ocrx_word' id='word_1_78' title='bbox 1998 1318 2061 1371; x_wconf 89' lang='lat' dir='ltr'><strong>et</strong></span> <span class='ocrx_word' id='word_1_79' title='bbox 2098 1309 2375 1385; x_wconf 83' lang='lat' dir='ltr'><strong>Aliciam,</strong></span> <span class='ocrx_word' id='word_1_80' title='bbox 2414 1329 2672 1371; x_wconf 85' lang='lat' dir='ltr'><strong>uxorem</strong></span> <span class='ocrx_word' id='word_1_81' title='bbox 2710 1311 2867 1389; x_wconf 80' lang='lat' dir='ltr'><strong>ejus.</strong></span> 
     </span>
     <span class='ocr_line' id='line_1_9' title="bbox 591 1391 2877 1475; baseline -0.002 -19"><span class='ocrx_word' id='word_1_82' title='bbox 591 1394 671 1457; x_wconf 93' lang='lat' dir='ltr'><strong>Et</strong></span> <span class='ocrx_word' id='word_1_83' title='bbox 699 1394 972 1475; x_wconf 72' lang='lat' dir='ltr'><strong>praedicti</strong></span> <span class='ocrx_word' id='word_1_84' title='bbox 1001 1393 1294 1455; x_wconf 78' lang='lat' dir='ltr'><strong>Ricardus</strong></span> <span class='ocrx_word' id='word_1_85' title='bbox 1333 1401 1398 1453; x_wconf 89' lang='lat' dir='ltr'><strong>et</strong></span> <span class='ocrx_word' id='word_1_86' title='bbox 1432 1392 1476 1453; x_wconf 84' lang='lat' dir='ltr'><strong>J</strong></span> <span class='ocrx_word' id='word_1_87' title='bbox 1479 1392 1684 1453; x_wconf 83' lang='lat' dir='ltr'><strong>uliana</strong></span> <span class='ocrx_word' id='word_1_88' title='bbox 1724 1391 1906 1453; x_wconf 90' lang='lat' dir='ltr'><strong>modo</strong></span> <span class='ocrx_word' id='word_1_89' title='bbox 1948 1392 2205 1452; x_wconf 81' lang='lat' dir='ltr'><strong>veniunt</strong></span> <span class='ocrx_word' id='word_1_90' title='bbox 2243 1399 2310 1452; x_wconf 84' lang='lat' dir='ltr'><strong>et</strong></span> <span class='ocrx_word' id='word_1_91' title='bbox 2347 1398 2563 1471; x_wconf 86' lang='lat' dir='ltr'><strong>sponte</strong></span> <span class='ocrx_word' id='word_1_92' title='bbox 2592 1392 2877 1451; x_wconf 83' lang='lat' dir='ltr'><strong>waranti-</strong></span> 
     </span>
     <span class='ocr_line' id='line_1_10' title="bbox 591 1470 2879 1556; baseline -0.002 -19"><span class='ocrx_word' id='word_1_93' title='bbox 591 1490 732 1537; x_wconf 82' lang='lat' dir='ltr'><strong>zant</strong></span> <span class='ocrx_word' id='word_1_94' title='bbox 759 1473 1047 1556; x_wconf 87' lang='lat' dir='ltr'><strong>praedicto</strong></span> <span class='ocrx_word' id='word_1_95' title='bbox 1074 1475 1304 1535; x_wconf 84' lang='lat' dir='ltr'><strong>Abbati</strong></span> <span class='ocrx_word' id='word_1_96' title='bbox 1331 1482 1751 1536; x_wconf 68' lang='lat' dir='ltr'><strong>tenementum</strong></span> <span class='ocrx_word' id='word_1_97' title='bbox 1832 1470 2146 1534; x_wconf 86' lang='lat' dir='ltr'><strong>raedictum</strong></span> <span class='ocrx_word' id='word_1_98' title='bbox 2175 1479 2239 1533; x_wconf 88' lang='lat' dir='ltr'><strong>et</strong></span> <span class='ocrx_word' id='word_1_99' title='bbox 2264 1472 2482 1533; x_wconf 90' lang='lat' dir='ltr'><strong>dicunt</strong></span> <span class='ocrx_word' id='word_1_100' title='bbox 2519 1470 2684 1552; x_wconf 90' lang='lat' dir='ltr'><strong>quod</strong></span> <span class='ocrx_word' id='word_1_101' title='bbox 2726 1492 2879 1551; x_wconf 81' lang='lat' dir='ltr'><strong>prae-</strong></span> 
     </span>
    </p>
   </div>
   <div class='ocr_carea' id='block_1_3' title="bbox 588 1552 2885 1633">
    <p class='ocr_par' dir='ltr' id='par_1_3' title="bbox 588 1552 2885 1633">
     <span class='ocr_line' id='line_1_11' title="bbox 588 1552 2885 1633; baseline -0.002 -15"><span class='ocrx_word' id='word_1_102' title='bbox 588 1558 756 1619; x_wconf 87' lang='lat' dir='ltr'><strong>dicta</strong></span> <span class='ocrx_word' id='word_1_103' title='bbox 793 1556 992 1618; x_wconf 87' lang='lat' dir='ltr'><strong>Alicia</strong></span> <span class='ocrx_word' id='word_1_104' title='bbox 1017 1576 1140 1617; x_wconf 90' lang='lat' dir='ltr'><strong>non</strong></span> <span class='ocrx_word' id='word_1_105' title='bbox 1178 1556 1362 1617; x_wconf 89' lang='lat' dir='ltr'><strong>debet</strong></span> <span class='ocrx_word' id='word_1_106' title='bbox 1387 1554 1531 1617; x_wconf 88' lang='lat' dir='ltr'><strong>inde</strong></span> <span class='ocrx_word' id='word_1_107' title='bbox 1560 1554 1767 1617; x_wconf 88' lang='lat' dir='ltr'><strong>dotem</strong></span> <span class='ocrx_word' id='word_1_108' title='bbox 1838 1554 2033 1628; x_wconf 81' lang='lat' dir='ltr'><strong>abere,</strong></span> <span class='ocrx_word' id='word_1_109' title='bbox 2062 1553 2228 1633; x_wconf 90' lang='lat' dir='ltr'><strong>quod</strong></span> <span class='ocrx_word' id='word_1_110' title='bbox 2269 1553 2483 1615; x_wconf 88' lang='lat' dir='ltr'><strong>dicunt</strong></span> <span class='ocrx_word' id='word_1_111' title='bbox 2520 1552 2689 1632; x_wconf 93' lang='lat' dir='ltr'><strong>quod</strong></span> <span class='ocrx_word' id='word_1_112' title='bbox 2730 1572 2885 1633; x_wconf 80' lang='lat' dir='ltr'><strong>prae-</strong></span> 
     </span>
    </p>
   </div>
   <div class='ocr_carea' id='block_1_4' title="bbox 585 1635 2879 2530">
    <p class='ocr_par' dir='ltr' id='par_1_4' title="bbox 585 1635 2879 2530">
     <span class='ocr_line' id='line_1_12' title="bbox 587 1635 2872 1716; baseline -0.003 -16"><span class='ocrx_word' id='word_1_113' title='bbox 587 1638 786 1700; x_wconf 88' lang='lat' dir='ltr'><strong>dictus</strong></span> <span class='ocrx_word' id='word_1_114' title='bbox 827 1638 1146 1712; x_wconf 78' lang='lat' dir='ltr'><strong>Ranulfus,</strong></span> <span class='ocrx_word' id='word_1_115' title='bbox 1178 1637 1279 1698; x_wconf 89' lang='lat' dir='ltr'><strong>die</strong></span> <span class='ocrx_word' id='word_1_116' title='bbox 1312 1657 1435 1716; x_wconf 89' lang='lat' dir='ltr'><strong>quo</strong></span> <span class='ocrx_word' id='word_1_117' title='bbox 1476 1637 1673 1716; x_wconf 86' lang='lat' dir='ltr'><strong>ipsam</strong></span> <span class='ocrx_word' id='word_1_118' title='bbox 1714 1635 1821 1697; x_wconf 85' lang='lat' dir='ltr'><strong>des</strong></span> <span class='ocrx_word' id='word_1_119' title='bbox 1866 1636 2123 1711; x_wconf 83' lang='lat' dir='ltr'><strong>onsavit,</strong></span> <span class='ocrx_word' id='word_1_120' title='bbox 2166 1654 2277 1696; x_wconf 91' lang='lat' dir='ltr'><strong>nec</strong></span> <span class='ocrx_word' id='word_1_121' title='bbox 2317 1654 2597 1714; x_wconf 90' lang='lat' dir='ltr'><strong>unquum</strong></span> <span class='ocrx_word' id='word_1_122' title='bbox 2638 1642 2872 1715; x_wconf 76' lang='lat' dir='ltr'><strong>postea,</strong></span> 
     </span>
     <span class='ocr_line' id='line_1_13' title="bbox 585 1715 2875 1798; baseline -0.002 -17"><span class='ocrx_word' id='word_1_123' title='bbox 585 1720 792 1781; x_wconf 89' lang='lat' dir='ltr'><strong>tenuit</strong></span> <span class='ocrx_word' id='word_1_124' title='bbox 847 1720 1203 1798; x_wconf 86' lang='lat' dir='ltr'><strong>praedictum</strong></span> <span class='ocrx_word' id='word_1_125' title='bbox 1250 1724 1669 1780; x_wconf 68' lang='lat' dir='ltr'><strong>tenementum</strong></span> <span class='ocrx_word' id='word_1_126' title='bbox 1716 1717 1781 1779; x_wconf 89' lang='lat' dir='ltr'><strong>in</strong></span> <span class='ocrx_word' id='word_1_127' title='bbox 1849 1716 2019 1792; x_wconf 89' lang='lat' dir='ltr'><strong>eod0,</strong></span> <span class='ocrx_word' id='word_1_128' title='bbox 2072 1717 2161 1778; x_wconf 86' lang='lat' dir='ltr'><strong>ita</strong></span> <span class='ocrx_word' id='word_1_129' title='bbox 2201 1715 2367 1796; x_wconf 94' lang='lat' dir='ltr'><strong>quod</strong></span> <span class='ocrx_word' id='word_1_130' title='bbox 2494 1715 2619 1776; x_wconf 83' lang='lat' dir='ltr'><strong>tuit</strong></span> <span class='ocrx_word' id='word_1_131' title='bbox 2673 1716 2875 1795; x_wconf 84' lang='lat' dir='ltr'><strong>ipsam</strong></span> 
     </span>
     <span class='ocr_line' id='line_1_14' title="bbox 588 1795 2879 1879; baseline -0.003 -15"><span class='ocrx_word' id='word_1_132' title='bbox 588 1801 819 1875; x_wconf 83' lang='lat' dir='ltr'><strong>dotare,</strong></span> <span class='ocrx_word' id='word_1_133' title='bbox 851 1808 916 1861; x_wconf 89' lang='lat' dir='ltr'><strong>et</strong></span> <span class='ocrx_word' id='word_1_134' title='bbox 942 1800 1020 1861; x_wconf 92' lang='lat' dir='ltr'><strong>de</strong></span> <span class='ocrx_word' id='word_1_135' title='bbox 1059 1799 1174 1861; x_wconf 94' lang='lat' dir='ltr'><strong>hoc</strong></span> <span class='ocrx_word' id='word_1_136' title='bbox 1296 1798 1391 1860; x_wconf 90' lang='lat' dir='ltr'><strong>nit</strong></span> <span class='ocrx_word' id='word_1_137' title='bbox 1417 1818 1481 1861; x_wconf 89' lang='lat' dir='ltr'><strong>se</strong></span> <span class='ocrx_word' id='word_1_138' title='bbox 1509 1817 1692 1879; x_wconf 88' lang='lat' dir='ltr'><strong>super</strong></span> <span class='ocrx_word' id='word_1_139' title='bbox 1716 1798 1995 1879; x_wconf 86' lang='lat' dir='ltr'><strong>patriam,</strong></span> <span class='ocrx_word' id='word_1_140' title='bbox 2028 1805 2092 1859; x_wconf 90' lang='lat' dir='ltr'><strong>et</strong></span> <span class='ocrx_word' id='word_1_141' title='bbox 2118 1798 2393 1876; x_wconf 86' lang='lat' dir='ltr'><strong>praedicti</strong></span> <span class='ocrx_word' id='word_1_142' title='bbox 2500 1795 2768 1858; x_wconf 80' lang='lat' dir='ltr'><strong>illelmus</strong></span> <span class='ocrx_word' id='word_1_143' title='bbox 2808 1806 2879 1857; x_wconf 84' lang='lat' dir='ltr'><strong>et</strong></span> 
     </span>
     <span class='ocr_line' id='line_1_15' title="bbox 587 1878 2875 1959; baseline -0.003 -16"><span class='ocrx_word' id='word_1_144' title='bbox 587 1882 788 1943; x_wconf 86' lang='lat' dir='ltr'><strong>Alicia</strong></span> <span class='ocrx_word' id='word_1_145' title='bbox 807 1881 1099 1944; x_wconf 86' lang='lat' dir='ltr'><strong>similiter.</strong></span> <span class='ocrx_word' id='word_1_146' title='bbox 1173 1880 1205 1941; x_wconf 94' lang='grc' dir='ltr'><strong>Ι</strong></span> <span class='ocrx_word' id='word_1_147' title='bbox 1252 1900 1324 1943; x_wconf 87' lang='lat' dir='ltr'><strong>eo</strong></span> <span class='ocrx_word' id='word_1_148' title='bbox 1346 1880 1453 1942; x_wconf 87' lang='lat' dir='ltr'><strong>fiat</strong></span> <span class='ocrx_word' id='word_1_149' title='bbox 1467 1880 1689 1959; x_wconf 83' lang='lat' dir='ltr'><strong>jurata.</strong></span> <span class='ocrx_word' id='word_1_150' title='bbox 1762 1878 1969 1941; x_wconf 81' lang='lat' dir='ltr'><strong>Jurati</strong></span> <span class='ocrx_word' id='word_1_151' title='bbox 1990 1878 2202 1940; x_wconf 87' lang='lat' dir='ltr'><strong>dicunt</strong></span> <span class='ocrx_word' id='word_1_152' title='bbox 2222 1899 2405 1959; x_wconf 89' lang='lat' dir='ltr'><strong>super</strong></span> <span class='ocrx_word' id='word_1_153' title='bbox 2424 1886 2875 1940; x_wconf 83' lang='lat' dir='ltr'><strong>sacramentum</strong></span> 
     </span>
     <span class='ocr_line' id='line_1_16' title="bbox 587 1960 2877 2043; baseline -0.002 -20"><span class='ocrx_word' id='word_1_154' title='bbox 587 1984 766 2025; x_wconf 87' lang='lat' dir='ltr'><strong>suum</strong></span> <span class='ocrx_word' id='word_1_155' title='bbox 797 1961 961 2042; x_wconf 93' lang='lat' dir='ltr'><strong>quod</strong></span> <span class='ocrx_word' id='word_1_156' title='bbox 991 1961 1314 2043; x_wconf 84' lang='lat' dir='ltr'><strong>praedictus</strong></span> <span class='ocrx_word' id='word_1_157' title='bbox 1336 1961 1656 2037; x_wconf 80' lang='lat' dir='ltr'><strong>Ranulfus,</strong></span> <span class='ocrx_word' id='word_1_158' title='bbox 1681 1960 1781 2022; x_wconf 89' lang='lat' dir='ltr'><strong>die</strong></span> <span class='ocrx_word' id='word_1_159' title='bbox 1851 1980 1931 2023; x_wconf 89' lang='lat' dir='ltr'><strong>uo</strong></span> <span class='ocrx_word' id='word_1_160' title='bbox 1958 1960 2309 2040; x_wconf 71' lang='lat' dir='ltr'><strong>praedictam</strong></span> <span class='ocrx_word' id='word_1_161' title='bbox 2330 1960 2590 2021; x_wconf 81' lang='lat' dir='ltr'><strong>Aliciam</strong></span> <span class='ocrx_word' id='word_1_162' title='bbox 2616 1960 2877 2039; x_wconf 83' lang='lat' dir='ltr'><strong>despon-</strong></span> 
     </span>
     <span class='ocr_line' id='line_1_17' title="bbox 587 2040 2875 2123; baseline -0.002 -18"><span class='ocrx_word' id='word_1_163' title='bbox 587 2044 763 2120; x_wconf 86' lang='lat' dir='ltr'><strong>savit,</strong></span> <span class='ocrx_word' id='word_1_164' title='bbox 794 2044 916 2105; x_wconf 84' lang='lat' dir='ltr'><strong>fuit</strong></span> <span class='ocrx_word' id='word_1_165' title='bbox 955 2043 1020 2105; x_wconf 90' lang='lat' dir='ltr'><strong>in</strong></span> <span class='ocrx_word' id='word_1_166' title='bbox 1061 2044 1288 2105; x_wconf 85' lang='lat' dir='ltr'><strong>seisina</strong></span> <span class='ocrx_word' id='word_1_167' title='bbox 1326 2042 1402 2105; x_wconf 88' lang='lat' dir='ltr'><strong>de</strong></span> <span class='ocrx_word' id='word_1_168' title='bbox 1443 2042 1753 2123; x_wconf 84' lang='lat' dir='ltr'><strong>praedictis</strong></span> <span class='ocrx_word' id='word_1_169' title='bbox 1893 2042 2046 2103; x_wconf 88' lang='lat' dir='ltr'><strong>acris</strong></span> <span class='ocrx_word' id='word_1_170' title='bbox 2087 2049 2283 2116; x_wconf 84' lang='lat' dir='ltr'><strong>terrae,</strong></span> <span class='ocrx_word' id='word_1_171' title='bbox 2313 2049 2386 2101; x_wconf 83' lang='lat' dir='ltr'><strong>ut</strong></span> <span class='ocrx_word' id='word_1_172' title='bbox 2424 2040 2502 2101; x_wconf 91' lang='lat' dir='ltr'><strong>de</strong></span> <span class='ocrx_word' id='word_1_173' title='bbox 2549 2040 2753 2114; x_wconf 74' lang='lat' dir='ltr'><strong>feodo,</strong></span> <span class='ocrx_word' id='word_1_174' title='bbox 2784 2042 2875 2101; x_wconf 84' lang='lat' dir='ltr'><strong>ita</strong></span> 
     </span>
     <span class='ocr_line' id='line_1_18' title="bbox 587 2122 2877 2206; baseline -0.002 -19"><span class='ocrx_word' id='word_1_175' title='bbox 587 2125 753 2206; x_wconf 91' lang='lat' dir='ltr'><strong>quod</strong></span> <span class='ocrx_word' id='word_1_176' title='bbox 793 2125 986 2205; x_wconf 85' lang='lat' dir='ltr'><strong>ipsam</strong></span> <span class='ocrx_word' id='word_1_177' title='bbox 1028 2125 1172 2186; x_wconf 89' lang='lat' dir='ltr'><strong>inde</strong></span> <span class='ocrx_word' id='word_1_178' title='bbox 1205 2124 1418 2186; x_wconf 83' lang='lat' dir='ltr'><strong>dotare</strong></span> <span class='ocrx_word' id='word_1_179' title='bbox 1459 2124 1697 2204; x_wconf 85' lang='lat' dir='ltr'><strong>potuit;</strong></span> <span class='ocrx_word' id='word_1_180' title='bbox 1738 2122 1941 2203; x_wconf 88' lang='lat' dir='ltr'><strong>quoad</strong></span> <span class='ocrx_word' id='word_1_181' title='bbox 1984 2122 2339 2202; x_wconf 85' lang='lat' dir='ltr'><strong>praedictum</strong></span> <span class='ocrx_word' id='word_1_182' title='bbox 2378 2128 2627 2201; x_wconf 84' lang='lat' dir='ltr'><strong>pratum</strong></span> <span class='ocrx_word' id='word_1_183' title='bbox 2656 2122 2877 2183; x_wconf 81' lang='lat' dir='ltr'><strong>dicunt</strong></span> 
     </span>
     <span class='ocr_line' id='line_1_19' title="bbox 587 2204 2877 2288; baseline -0.002 -20"><span class='ocrx_word' id='word_1_184' title='bbox 587 2206 755 2288; x_wconf 89' lang='lat' dir='ltr'><strong>quod</strong></span> <span class='ocrx_word' id='word_1_185' title='bbox 808 2206 972 2268; x_wconf 89' lang='lat' dir='ltr'><strong>idem</strong></span> <span class='ocrx_word' id='word_1_186' title='bbox 1027 2206 1342 2282; x_wconf 85' lang='lat' dir='ltr'><strong>Ranulfus‚</strong></span> <span class='ocrx_word' id='word_1_187' title='bbox 1400 2205 1501 2266; x_wconf 90' lang='lat' dir='ltr'><strong>die</strong></span> <span class='ocrx_word' id='word_1_188' title='bbox 1556 2226 1678 2285; x_wconf 91' lang='lat' dir='ltr'><strong>quo</strong></span> <span class='ocrx_word' id='word_1_189' title='bbox 1732 2205 1927 2284; x_wconf 86' lang='lat' dir='ltr'><strong>ipsam</strong></span> <span class='ocrx_word' id='word_1_190' title='bbox 1983 2204 2389 2283; x_wconf 77' lang='lat' dir='ltr'><strong>desponsavit,</strong></span> <span class='ocrx_word' id='word_1_191' title='bbox 2442 2223 2553 2264; x_wconf 89' lang='lat' dir='ltr'><strong>nec</strong></span> <span class='ocrx_word' id='word_1_192' title='bbox 2600 2222 2877 2283; x_wconf 82' lang='lat' dir='ltr'><strong>unquam</strong></span> 
     </span>
     <span class='ocr_line' id='line_1_20' title="bbox 587 2284 2877 2367; baseline -0.003 -16"><span class='ocrx_word' id='word_1_193' title='bbox 587 2296 812 2367; x_wconf 82' lang='lat' dir='ltr'><strong>postea,</strong></span> <span class='ocrx_word' id='word_1_194' title='bbox 845 2287 968 2349; x_wconf 84' lang='lat' dir='ltr'><strong>fuit</strong></span> <span class='ocrx_word' id='word_1_195' title='bbox 994 2288 1059 2349; x_wconf 90' lang='lat' dir='ltr'><strong>in</strong></span> <span class='ocrx_word' id='word_1_196' title='bbox 1088 2288 1322 2349; x_wconf 85' lang='lat' dir='ltr'><strong>seisina.</strong></span> <span class='ocrx_word' id='word_1_197' title='bbox 1389 2286 1537 2348; x_wconf 92' lang='lat' dir='ltr'><strong>Ideo</strong></span> <span class='ocrx_word' id='word_1_198' title='bbox 1560 2285 2009 2348; x_wconf 84' lang='lat' dir='ltr'><strong>consideratum</strong></span> <span class='ocrx_word' id='word_1_199' title='bbox 2030 2294 2124 2347; x_wconf 86' lang='lat' dir='ltr'><strong>est</strong></span> <span class='ocrx_word' id='word_1_200' title='bbox 2152 2284 2317 2365; x_wconf 90' lang='lat' dir='ltr'><strong>quod</strong></span> <span class='ocrx_word' id='word_1_201' title='bbox 2346 2284 2622 2363; x_wconf 78' lang='lat' dir='ltr'><strong>praedicti</strong></span> <span class='ocrx_word' id='word_1_202' title='bbox 2644 2284 2877 2345; x_wconf 78' lang='lat' dir='ltr'><strong>willel-</strong></span> 
     </span>
     <span class='ocr_line' id='line_1_21' title="bbox 588 2364 2873 2448; baseline -0.002 -18"><span class='ocrx_word' id='word_1_203' title='bbox 588 2389 723 2433; x_wconf 87' lang='lat' dir='ltr'><strong>mus</strong></span> <span class='ocrx_word' id='word_1_204' title='bbox 751 2378 816 2431; x_wconf 90' lang='lat' dir='ltr'><strong>et</strong></span> <span class='ocrx_word' id='word_1_205' title='bbox 840 2369 1043 2431; x_wconf 88' lang='lat' dir='ltr'><strong>Alicia</strong></span> <span class='ocrx_word' id='word_1_206' title='bbox 1081 2369 1420 2448; x_wconf 82' lang='lat' dir='ltr'><strong>reciperent</strong></span> <span class='ocrx_word' id='word_1_207' title='bbox 1456 2368 1740 2429; x_wconf 88' lang='lat' dir='ltr'><strong>seisinam</strong></span> <span class='ocrx_word' id='word_1_208' title='bbox 1773 2386 1945 2428; x_wconf 84' lang='lat' dir='ltr'><strong>suam</strong></span> <span class='ocrx_word' id='word_1_209' title='bbox 1974 2366 2052 2428; x_wconf 88' lang='lat' dir='ltr'><strong>de</strong></span> <span class='ocrx_word' id='word_1_210' title='bbox 2078 2367 2263 2428; x_wconf 85' lang='lat' dir='ltr'><strong>tertia</strong></span> <span class='ocrx_word' id='word_1_211' title='bbox 2303 2374 2476 2446; x_wconf 80' lang='lat' dir='ltr'><strong>parte</strong></span> <span class='ocrx_word' id='word_1_212' title='bbox 2503 2364 2571 2426; x_wconf 87' lang='lat' dir='ltr'><strong>xl</strong></span> <span class='ocrx_word' id='word_1_213' title='bbox 2598 2384 2873 2427; x_wconf 82' lang='lat' dir='ltr'><strong>acrarum</strong></span> 
     </span>
     <span class='ocr_line' id='line_1_22' title="bbox 585 2446 2876 2530; baseline -0.002 -19"><span class='ocrx_word' id='word_1_214' title='bbox 585 2460 780 2527; x_wconf 84' lang='lat' dir='ltr'><strong>terrae,</strong></span> <span class='ocrx_word' id='word_1_215' title='bbox 806 2458 885 2524; x_wconf 86' lang='lat' dir='ltr'><strong>et,</strong></span> <span class='ocrx_word' id='word_1_216' title='bbox 911 2450 1112 2530; x_wconf 86' lang='lat' dir='ltr'><strong>quoad</strong></span> <span class='ocrx_word' id='word_1_217' title='bbox 1138 2458 1401 2529; x_wconf 86' lang='lat' dir='ltr'><strong>pratum,</strong></span> <span class='ocrx_word' id='word_1_218' title='bbox 1427 2448 1771 2511; x_wconf 85' lang='lat' dir='ltr'><strong>Willelmus</strong></span> <span class='ocrx_word' id='word_1_219' title='bbox 1792 2455 1856 2510; x_wconf 93' lang='lat' dir='ltr'><strong>et</strong></span> <span class='ocrx_word' id='word_1_220' title='bbox 1875 2447 2073 2509; x_wconf 90' lang='lat' dir='ltr'><strong>Alicia</strong></span> <span class='ocrx_word' id='word_1_221' title='bbox 2091 2448 2155 2509; x_wconf 91' lang='lat' dir='ltr'><strong>in</strong></span> <span class='ocrx_word' id='word_1_222' title='bbox 2178 2453 2319 2521; x_wconf 70' lang='lat' dir='ltr'><strong>mia,</strong></span> <span class='ocrx_word' id='word_1_223' title='bbox 2343 2456 2406 2508; x_wconf 90' lang='lat' dir='ltr'><strong>et</strong></span> <span class='ocrx_word' id='word_1_224' title='bbox 2427 2446 2639 2508; x_wconf 86' lang='lat' dir='ltr'><strong>Abbas</strong></span> <span class='ocrx_word' id='word_1_225' title='bbox 2666 2454 2876 2508; x_wconf 87' lang='lat' dir='ltr'><strong>teneat</strong></span> 
     </span>
    </p>
   </div>
   <div class='ocr_carea' id='block_1_5' title="bbox 588 2533 964 2612">
    <p class='ocr_par' dir='ltr' id='par_1_5' title="bbox 588 2533 964 2612">
     <span class='ocr_line' id='line_1_23' title="bbox 588 2533 964 2612; baseline 0.003 -19"><span class='ocrx_word' id='word_1_226' title='bbox 588 2533 654 2593; x_wconf 90' lang='lat' dir='ltr'><strong>in</strong></span> <span class='ocrx_word' id='word_1_227' title='bbox 680 2552 826 2612; x_wconf 86' lang='lat' dir='ltr'><strong>pace</strong></span> <span class='ocrx_word' id='word_1_228' title='bbox 854 2540 964 2595; x_wconf 88' lang='lat' dir='ltr'><strong>etc.</strong></span> 
     </span>
    </p>
   </div>
   <div class='ocr_carea' id='block_1_6' title="bbox 589 2688 2876 4484">
    <p class='ocr_par' dir='ltr' id='par_1_6' title="bbox 589 2688 2876 4484">
     <span class='ocr_line' id='line_1_24' title="bbox 672 2688 2871 2777; baseline -0.003 -22"><span class='ocrx_word' id='word_1_229' title='bbox 672 2698 768 2757; x_wconf 83' lang='lat'><strong>82.</strong></span> <span class='ocrx_word' id='word_1_230' title='bbox 816 2692 1080 2777; x_wconf 87' lang='lat' dir='ltr'><strong>[Placita</strong></span> <span class='ocrx_word' id='word_1_231' title='bbox 1120 2692 1301 2755; x_wconf 88' lang='lat' dir='ltr'><strong>Ebor.</strong></span> <span class='ocrx_word' id='word_1_232' title='bbox 1345 2692 1422 2755; x_wconf 82' lang='lat' dir='ltr'><strong>N.</strong></span> <span class='ocrx_word' id='word_1_233' title='bbox 1473 2695 1524 2752; x_wconf 94' lang='lat'><strong>1.</strong></span> <span class='ocrx_word' id='word_1_234' title='bbox 1577 2695 1691 2753; x_wconf 85' lang='grc'><strong>7-2.</strong></span> <span class='ocrx_word' id='word_1_235' title='bbox 1782 2694 1819 2751; x_wconf 89' lang='grc'>8</span> <span class='ocrx_word' id='word_1_236' title='bbox 1861 2691 1982 2752; x_wconf 84' lang='lat' dir='ltr'><strong>and</strong></span> <span class='ocrx_word' id='word_1_237' title='bbox 2026 2694 2061 2752; x_wconf 91' lang='grc'><strong>9</strong></span> <span class='ocrx_word' id='word_1_238' title='bbox 2106 2689 2277 2751; x_wconf 81' lang='lat' dir='ltr'><strong>Edw.</strong></span> <span class='ocrx_word' id='word_1_239' title='bbox 2318 2706 2359 2751; x_wconf 92' lang='lat'><strong>1.</strong></span> <span class='ocrx_word' id='word_1_240' title='bbox 2406 2690 2581 2771; x_wconf 48' lang='lat'>1254,</span> <span class='ocrx_word' id='word_1_241' title='bbox 2624 2689 2665 2750; x_wconf 80' lang='lat' dir='ltr'><strong>f.</strong></span> <span class='ocrx_word' id='word_1_242' title='bbox 2719 2688 2871 2771; x_wconf 64' lang='lat'><em>16¹²]</em></span> 
     </span>
     <span class='ocr_line' id='line_1_25' title="bbox 590 2769 2873 2865; baseline -0.003 -28"><span class='ocrx_word' id='word_1_243' title='bbox 590 2775 952 2849; x_wconf 87' lang='lat' dir='ltr'><strong>Willelmus,</strong></span> <span class='ocrx_word' id='word_1_244' title='bbox 993 2775 1202 2836; x_wconf 80' lang='lat' dir='ltr'><strong>Abbas</strong></span> <span class='ocrx_word' id='word_1_245' title='bbox 1242 2772 1320 2837; x_wconf 91' lang='lat' dir='ltr'><strong>de</strong></span> <span class='ocrx_word' id='word_1_246' title='bbox 1361 2774 1619 2847; x_wconf 85' lang='lat' dir='ltr'><strong>Rivalle‚</strong></span> <span class='ocrx_word' id='word_1_247' title='bbox 1655 2774 2057 2835; x_wconf 82' lang='lat' dir='ltr'><strong>summonitus</strong></span> <span class='ocrx_word' id='word_1_248' title='bbox 2098 2772 2221 2833; x_wconf 79' lang='lat' dir='ltr'><strong>fuit</strong></span> <span class='ocrx_word' id='word_1_249' title='bbox 2260 2770 2339 2833; x_wconf 86' lang='lat' dir='ltr'><strong>ad</strong></span> <span class='ocrx_word' id='word_1_250' title='bbox 2378 2769 2873 2865; x_wconf 84' lang='lat' dir='ltr'><strong>respondendum</strong></span> 
     </span>
     <span class='ocr_line' id='line_1_26' title="bbox 590 2852 2873 2934; baseline -0.003 -15"><span class='ocrx_word' id='word_1_251' title='bbox 590 2855 919 2931; x_wconf 90' lang='lat' dir='ltr'><strong>Willelmo,</strong></span> <span class='ocrx_word' id='word_1_252' title='bbox 965 2855 1164 2917; x_wconf 90' lang='lat' dir='ltr'><strong>Priori</strong></span> <span class='ocrx_word' id='word_1_253' title='bbox 1201 2855 1280 2917; x_wconf 91' lang='lat' dir='ltr'><strong>de</strong></span> <span class='ocrx_word' id='word_1_254' title='bbox 1322 2854 1682 2930; x_wconf 83' lang='lat' dir='ltr'><strong>Kirkeham,</strong></span> <span class='ocrx_word' id='word_1_255' title='bbox 1726 2854 1803 2915; x_wconf 90' lang='lat' dir='ltr'><strong>de</strong></span> <span class='ocrx_word' id='word_1_256' title='bbox 1846 2854 2069 2934; x_wconf 89' lang='lat' dir='ltr'><strong>placito</strong></span> <span class='ocrx_word' id='word_1_257' title='bbox 2109 2852 2275 2933; x_wconf 91' lang='lat' dir='ltr'><strong>quod</strong></span> <span class='ocrx_word' id='word_1_258' title='bbox 2314 2859 2635 2932; x_wconf 76' lang='lat' dir='ltr'><strong>permittat</strong></span> <span class='ocrx_word' id='word_1_259' title='bbox 2673 2852 2873 2931; x_wconf 86' lang='lat' dir='ltr'><strong>ipsum</strong></span> 
     </span>
     <span class='ocr_line' id='line_1_27' title="bbox 590 2932 2873 3016; baseline -0.003 -17"><span class='ocrx_word' id='word_1_260' title='bbox 590 2938 812 3000; x_wconf 87' lang='lat' dir='ltr'><strong>habere</strong></span> <span class='ocrx_word' id='word_1_261' title='bbox 841 2957 1223 2998; x_wconf 89' lang='lat' dir='ltr'><strong>communam</strong></span> <span class='ocrx_word' id='word_1_262' title='bbox 1263 2944 1526 3016; x_wconf 83' lang='lat' dir='ltr'><strong>pasturae</strong></span> <span class='ocrx_word' id='word_1_263' title='bbox 1566 2936 1631 2997; x_wconf 90' lang='lat' dir='ltr'><strong>in</strong></span> <span class='ocrx_word' id='word_1_264' title='bbox 1676 2934 2025 2997; x_wconf 84' lang='lat' dir='ltr'><strong>Bildesdala</strong></span> <span class='ocrx_word' id='word_1_265' title='bbox 2050 2954 2185 3014; x_wconf 82' lang='lat' dir='ltr'><strong>quae</strong></span> <span class='ocrx_word' id='word_1_266' title='bbox 2212 2933 2482 3014; x_wconf 89' lang='lat' dir='ltr'><strong>pertinet</strong></span> <span class='ocrx_word' id='word_1_267' title='bbox 2508 2932 2587 2995; x_wconf 86' lang='lat' dir='ltr'><strong>ad</strong></span> <span class='ocrx_word' id='word_1_268' title='bbox 2614 2932 2873 2995; x_wconf 85' lang='lat' dir='ltr'><strong>liberum</strong></span> 
     </span>
     <span class='ocr_line' id='line_1_28' title="bbox 591 3014 2872 3096; baseline -0.002 -15"><span class='ocrx_word' id='word_1_269' title='bbox 591 3028 1009 3081; x_wconf 85' lang='lat' dir='ltr'><strong>tenementum</strong></span> <span class='ocrx_word' id='word_1_270' title='bbox 1049 3038 1228 3079; x_wconf 89' lang='lat' dir='ltr'><strong>suum</strong></span> <span class='ocrx_word' id='word_1_271' title='bbox 1255 3018 1320 3079; x_wconf 88' lang='lat' dir='ltr'><strong>in</strong></span> <span class='ocrx_word' id='word_1_272' title='bbox 1349 3017 1562 3080; x_wconf 85' lang='lat' dir='ltr'><strong>eadem</strong></span> <span class='ocrx_word' id='word_1_273' title='bbox 1591 3016 1753 3091; x_wconf 88' lang='lat' dir='ltr'><strong>villa,</strong></span> <span class='ocrx_word' id='word_1_274' title='bbox 1783 3016 1861 3077; x_wconf 87' lang='lat' dir='ltr'><strong>de</strong></span> <span class='ocrx_word' id='word_1_275' title='bbox 1902 3035 2024 3096; x_wconf 85' lang='lat' dir='ltr'><strong>qua</strong></span> <span class='ocrx_word' id='word_1_276' title='bbox 2062 3014 2283 3090; x_wconf 83' lang='lat' dir='ltr'><strong>Adam,</strong></span> <span class='ocrx_word' id='word_1_277' title='bbox 2313 3014 2622 3094; x_wconf 84' lang='lat' dir='ltr'><strong>quondam</strong></span> <span class='ocrx_word' id='word_1_278' title='bbox 2664 3014 2872 3077; x_wconf 71' lang='lat' dir='ltr'><strong>Abbns</strong></span> 
     </span>
     <span class='ocr_line' id='line_1_29' title="bbox 589 3094 2873 3179; baseline -0.003 -17"><span class='ocrx_word' id='word_1_279' title='bbox 589 3102 667 3163; x_wconf 90' lang='lat' dir='ltr'><strong>de</strong></span> <span class='ocrx_word' id='word_1_280' title='bbox 696 3099 950 3174; x_wconf 85' lang='lat' dir='ltr'><strong>Rivalle,</strong></span> <span class='ocrx_word' id='word_1_281' title='bbox 976 3098 1378 3179; x_wconf 86' lang='lat' dir='ltr'><strong>praedecessor</strong></span> <span class='ocrx_word' id='word_1_282' title='bbox 1402 3098 1677 3178; x_wconf 86' lang='lat' dir='ltr'><strong>praedicti</strong></span> <span class='ocrx_word' id='word_1_283' title='bbox 1704 3097 1983 3172; x_wconf 88' lang='lat' dir='ltr'><strong>Abbatis,</strong></span> <span class='ocrx_word' id='word_1_284' title='bbox 2007 3098 2239 3176; x_wconf 87' lang='lat' dir='ltr'><strong>injuste</strong></span> <span class='ocrx_word' id='word_1_285' title='bbox 2268 3104 2404 3171; x_wconf 89' lang='lat' dir='ltr'><strong>etc.,</strong></span> <span class='ocrx_word' id='word_1_286' title='bbox 2426 3094 2873 3157; x_wconf 75' lang='lat' dir='ltr'><strong>disseisiaverat</strong></span> 
     </span>
     <span class='ocr_line' id='line_1_30' title="bbox 593 3176 2873 3260; baseline -0.003 -17"><span class='ocrx_word' id='word_1_287' title='bbox 593 3181 936 3255; x_wconf 78' lang='lat' dir='ltr'><strong>Ricardum,</strong></span> <span class='ocrx_word' id='word_1_288' title='bbox 963 3180 1270 3260; x_wconf 86' lang='lat' dir='ltr'><strong>quondam</strong></span> <span class='ocrx_word' id='word_1_289' title='bbox 1291 3180 1563 3241; x_wconf 89' lang='lat' dir='ltr'><strong>Priorem</strong></span> <span class='ocrx_word' id='word_1_290' title='bbox 1592 3180 1669 3241; x_wconf 89' lang='lat' dir='ltr'><strong>de</strong></span> <span class='ocrx_word' id='word_1_291' title='bbox 1690 3177 2047 3253; x_wconf 86' lang='lat' dir='ltr'><strong>Kirkeham,</strong></span> <span class='ocrx_word' id='word_1_292' title='bbox 2071 3177 2573 3257; x_wconf 86' lang='lat' dir='ltr'><strong>praedecessorem</strong></span> <span class='ocrx_word' id='word_1_293' title='bbox 2598 3176 2873 3257; x_wconf 83' lang='lat' dir='ltr'><strong>praedicti</strong></span> 
     </span>
     <span class='ocr_line' id='line_1_31' title="bbox 593 3257 2875 3342; baseline -0.004 -17"><span class='ocrx_word' id='word_1_294' title='bbox 593 3263 837 3337; x_wconf 88' lang='lat' dir='ltr'><strong>Prioris,</strong></span> <span class='ocrx_word' id='word_1_295' title='bbox 869 3271 1008 3342; x_wconf 88' lang='lat' dir='ltr'><strong>post</strong></span> <span class='ocrx_word' id='word_1_296' title='bbox 1034 3262 1292 3342; x_wconf 87' lang='lat' dir='ltr'><strong>primam</strong></span> <span class='ocrx_word' id='word_1_297' title='bbox 1320 3269 1454 3323; x_wconf 85' lang='lat' dir='ltr'><strong>etc:</strong></span> <span class='ocrx_word' id='word_1_298' title='bbox 1497 3260 1583 3323; x_wconf 86' lang='lat' dir='ltr'><strong>Et</strong></span> <span class='ocrx_word' id='word_1_299' title='bbox 1624 3261 1787 3323; x_wconf 89' lang='lat' dir='ltr'><strong>unde</strong></span> <span class='ocrx_word' id='word_1_300' title='bbox 1826 3259 1979 3321; x_wconf 89' lang='lat' dir='ltr'><strong>dicit</strong></span> <span class='ocrx_word' id='word_1_301' title='bbox 2019 3260 2183 3339; x_wconf 89' lang='lat' dir='ltr'><strong>quod</strong></span> <span class='ocrx_word' id='word_1_302' title='bbox 2224 3278 2364 3319; x_wconf 90' lang='lat' dir='ltr'><strong>cum</strong></span> <span class='ocrx_word' id='word_1_303' title='bbox 2403 3258 2628 3319; x_wconf 87' lang='lat' dir='ltr'><strong>habere</strong></span> <span class='ocrx_word' id='word_1_304' title='bbox 2656 3257 2875 3320; x_wconf 81' lang='lat' dir='ltr'><strong>debeat</strong></span> 
     </span>
     <span class='ocr_line' id='line_1_32' title="bbox 592 3338 2870 3422; baseline -0.004 -15"><span class='ocrx_word' id='word_1_305' title='bbox 592 3364 975 3407; x_wconf 86' lang='lat' dir='ltr'><strong>communam</strong></span> <span class='ocrx_word' id='word_1_306' title='bbox 1003 3344 1067 3403; x_wconf 90' lang='lat' dir='ltr'><strong>in</strong></span> <span class='ocrx_word' id='word_1_307' title='bbox 1095 3342 1330 3404; x_wconf 86' lang='lat' dir='ltr'><strong>duabus</strong></span> <span class='ocrx_word' id='word_1_308' title='bbox 1371 3342 1524 3405; x_wconf 81' lang='lat' dir='ltr'><strong>acris</strong></span> <span class='ocrx_word' id='word_1_309' title='bbox 1566 3349 1831 3422; x_wconf 74' lang='lat' dir='ltr'><strong>pasturae</strong></span> <span class='ocrx_word' id='word_1_310' title='bbox 1872 3340 2322 3402; x_wconf 69' lang='lat' dir='ltr'><strong>communiendi</strong></span> <span class='ocrx_word' id='word_1_311' title='bbox 2363 3339 2429 3400; x_wconf 89' lang='lat' dir='ltr'><strong>in</strong></span> <span class='ocrx_word' id='word_1_312' title='bbox 2456 3338 2705 3411; x_wconf 88' lang='lat' dir='ltr'><strong>eisdem,</strong></span> <span class='ocrx_word' id='word_1_313' title='bbox 2737 3358 2870 3400; x_wconf 83' lang='lat' dir='ltr'><strong>cum</strong></span> 
     </span>
     <span class='ocr_line' id='line_1_33' title="bbox 593 3419 2871 3503; baseline -0.004 -15"><span class='ocrx_word' id='word_1_314' title='bbox 593 3423 957 3488; x_wconf 84' lang='lat' dir='ltr'><strong>omnimodis</strong></span> <span class='ocrx_word' id='word_1_315' title='bbox 1011 3424 1230 3487; x_wconf 82' lang='lat' dir='ltr'><strong>averiis</strong></span> <span class='ocrx_word' id='word_1_316' title='bbox 1285 3423 1429 3497; x_wconf 84' lang='lat' dir='ltr'><strong>suis,</strong></span> <span class='ocrx_word' id='word_1_317' title='bbox 1485 3443 1597 3503; x_wconf 91' lang='lat' dir='ltr'><strong>per</strong></span> <span class='ocrx_word' id='word_1_318' title='bbox 1650 3431 1853 3485; x_wconf 89' lang='lat' dir='ltr'><strong>totum</strong></span> <span class='ocrx_word' id='word_1_319' title='bbox 1908 3440 2153 3495; x_wconf 88' lang='lat' dir='ltr'><strong>annum,</strong></span> <span class='ocrx_word' id='word_1_320' title='bbox 2211 3427 2275 3481; x_wconf 91' lang='lat' dir='ltr'><strong>et</strong></span> <span class='ocrx_word' id='word_1_321' title='bbox 2328 3420 2491 3482; x_wconf 91' lang='lat' dir='ltr'><strong>unde</strong></span> <span class='ocrx_word' id='word_1_322' title='bbox 2546 3419 2871 3499; x_wconf 78' lang='lat' dir='ltr'><strong>praedictus</strong></span> 
     </span>
     <span class='ocr_line' id='line_1_34' title="bbox 591 3500 2875 3586; baseline -0.004 -17"><span class='ocrx_word' id='word_1_323' title='bbox 591 3506 905 3579; x_wconf 86' lang='lat' dir='ltr'><strong>Ricardus‚</strong></span> <span class='ocrx_word' id='word_1_324' title='bbox 928 3505 1329 3586; x_wconf 83' lang='lat' dir='ltr'><strong>praedecessor</strong></span> <span class='ocrx_word' id='word_1_325' title='bbox 1347 3505 1490 3580; x_wconf 88' lang='lat' dir='ltr'><strong>suis,</strong></span> <span class='ocrx_word' id='word_1_326' title='bbox 1515 3504 1637 3566; x_wconf 84' lang='lat' dir='ltr'><strong>fuit</strong></span> <span class='ocrx_word' id='word_1_327' title='bbox 1658 3503 1937 3584; x_wconf 80' lang='lat' dir='ltr'><strong>seysitus,</strong></span> <span class='ocrx_word' id='word_1_328' title='bbox 1962 3510 2035 3564; x_wconf 91' lang='lat' dir='ltr'><strong>ut</strong></span> <span class='ocrx_word' id='word_1_329' title='bbox 2052 3502 2130 3564; x_wconf 89' lang='lat' dir='ltr'><strong>de</strong></span> <span class='ocrx_word' id='word_1_330' title='bbox 2148 3501 2328 3563; x_wconf 84' lang='lat' dir='ltr'><strong>feodo</strong></span> <span class='ocrx_word' id='word_1_331' title='bbox 2348 3508 2413 3562; x_wconf 92' lang='lat' dir='ltr'><strong>et</strong></span> <span class='ocrx_word' id='word_1_332' title='bbox 2436 3502 2573 3580; x_wconf 88' lang='lat' dir='ltr'><strong>jure</strong></span> <span class='ocrx_word' id='word_1_333' title='bbox 2592 3500 2875 3563; x_wconf 73' lang='lat' dir='ltr'><strong>Eocloeiae</strong></span> 
     </span>
     <span class='ocr_line' id='line_1_35' title="bbox 591 3581 2872 3664; baseline -0.004 -13"><span class='ocrx_word' id='word_1_334' title='bbox 591 3609 717 3650; x_wconf 86' lang='lat' dir='ltr'><strong>suae</strong></span> <span class='ocrx_word' id='word_1_335' title='bbox 765 3588 826 3651; x_wconf 81' lang='lat' dir='ltr'><strong>S.</strong></span> <span class='ocrx_word' id='word_1_336' title='bbox 872 3587 1193 3649; x_wconf 78' lang='lat' dir='ltr'><strong>Trinitatis</strong></span> <span class='ocrx_word' id='word_1_337' title='bbox 1241 3586 1318 3649; x_wconf 90' lang='lat' dir='ltr'><strong>de</strong></span> <span class='ocrx_word' id='word_1_338' title='bbox 1360 3585 1718 3660; x_wconf 86' lang='lat' dir='ltr'><strong>Kirkeham,</strong></span> <span class='ocrx_word' id='word_1_339' title='bbox 1769 3594 2041 3664; x_wconf 87' lang='lat' dir='ltr'><strong>tempore</strong></span> <span class='ocrx_word' id='word_1_340' title='bbox 2091 3584 2253 3664; x_wconf 77' lang='lat' dir='ltr'><strong>pacis</strong></span> <span class='ocrx_word' id='word_1_341' title='bbox 2298 3590 2573 3663; x_wconf 88' lang='lat' dir='ltr'><strong>tempore</strong></span> <span class='ocrx_word' id='word_1_342' title='bbox 2621 3581 2872 3643; x_wconf 88' lang='lat' dir='ltr'><strong>Henrici</strong></span> 
     </span>
     <span class='ocr_line' id='line_1_36' title="bbox 599 3662 2876 3751; baseline -0.004 -20"><span class='ocrx_word' id='word_1_343' title='bbox 599 3670 794 3751; x_wconf 89' lang='lat' dir='ltr'><strong>Regis,</strong></span> <span class='ocrx_word' id='word_1_344' title='bbox 815 3670 1006 3749; x_wconf 88' lang='lat' dir='ltr'><strong>patris</strong></span> <span class='ocrx_word' id='word_1_345' title='bbox 1034 3668 1285 3731; x_wconf 88' lang='lat' dir='ltr'><strong>Domini</strong></span> <span class='ocrx_word' id='word_1_346' title='bbox 1310 3667 1494 3748; x_wconf 88' lang='lat' dir='ltr'><strong>Regis</strong></span> <span class='ocrx_word' id='word_1_347' title='bbox 1522 3688 1701 3741; x_wconf 89' lang='lat' dir='ltr'><strong>nunc,</strong></span> <span class='ocrx_word' id='word_1_348' title='bbox 1723 3665 2017 3746; x_wconf 85' lang='lat' dir='ltr'><strong>capiendo</strong></span> <span class='ocrx_word' id='word_1_349' title='bbox 2043 3664 2187 3726; x_wconf 90' lang='lat' dir='ltr'><strong>inde</strong></span> <span class='ocrx_word' id='word_1_350' title='bbox 2213 3664 2513 3744; x_wconf 83' lang='lat' dir='ltr'><strong>explecias</strong></span> <span class='ocrx_word' id='word_1_351' title='bbox 2534 3662 2613 3725; x_wconf 86' lang='lat' dir='ltr'><strong>ad</strong></span> <span class='ocrx_word' id='word_1_352' title='bbox 2642 3664 2876 3725; x_wconf 74' lang='lat' dir='ltr'><strong>valenc-</strong></span> 
     </span>
     <span class='ocr_line' id='line_1_37' title="bbox 595 3744 2870 3829; baseline -0.004 -16"><span class='ocrx_word' id='word_1_353' title='bbox 595 3752 716 3813; x_wconf 88' lang='lat' dir='ltr'><strong>iam</strong></span> <span class='ocrx_word' id='word_1_354' title='bbox 749 3759 860 3812; x_wconf 87' lang='lat' dir='ltr'><strong>etc.</strong></span> <span class='ocrx_word' id='word_1_355' title='bbox 944 3749 1029 3812; x_wconf 87' lang='lat' dir='ltr'><strong>Et</strong></span> <span class='ocrx_word' id='word_1_356' title='bbox 1068 3750 1146 3811; x_wconf 87' lang='lat' dir='ltr'><strong>de</strong></span> <span class='ocrx_word' id='word_1_357' title='bbox 1186 3770 1308 3829; x_wconf 83' lang='lat' dir='ltr'><strong>qua</strong></span> <span class='ocrx_word' id='word_1_358' title='bbox 1332 3748 1659 3828; x_wconf 85' lang='lat' dir='ltr'><strong>praedictus</strong></span> <span class='ocrx_word' id='word_1_359' title='bbox 1685 3747 1905 3822; x_wconf 82' lang='lat' dir='ltr'><strong>Adam,</strong></span> <span class='ocrx_word' id='word_1_360' title='bbox 1935 3745 2245 3826; x_wconf 85' lang='lat' dir='ltr'><strong>quondam</strong></span> <span class='ocrx_word' id='word_1_361' title='bbox 2271 3746 2479 3807; x_wconf 86' lang='lat' dir='ltr'><strong>Abbas</strong></span> <span class='ocrx_word' id='word_1_362' title='bbox 2505 3744 2585 3807; x_wconf 91' lang='lat' dir='ltr'><strong>de</strong></span> <span class='ocrx_word' id='word_1_363' title='bbox 2612 3744 2870 3815; x_wconf 77' lang='lat' dir='ltr'><strong>Rivalle‚</strong></span> 
     </span>
     <span class='ocr_line' id='line_1_38' title="bbox 594 3824 2871 3913; baseline -0.004 -19"><span class='ocrx_word' id='word_1_364' title='bbox 594 3830 996 3913; x_wconf 79' lang='lat' dir='ltr'><strong>praedecessor</strong></span> <span class='ocrx_word' id='word_1_365' title='bbox 1049 3830 1326 3912; x_wconf 75' lang='lat' dir='ltr'><strong>praedicti</strong></span> <span class='ocrx_word' id='word_1_366' title='bbox 1373 3830 1650 3902; x_wconf 87' lang='lat' dir='ltr'><strong>Abbatis,</strong></span> <span class='ocrx_word' id='word_1_367' title='bbox 1696 3828 1923 3909; x_wconf 89' lang='lat' dir='ltr'><strong>injuste</strong></span> <span class='ocrx_word' id='word_1_368' title='bbox 1978 3836 2088 3889; x_wconf 87' lang='lat' dir='ltr'><strong>etc.</strong></span> <span class='ocrx_word' id='word_1_369' title='bbox 2136 3826 2467 3888; x_wconf 82' lang='lat' dir='ltr'><strong>disseisivit</strong></span> <span class='ocrx_word' id='word_1_370' title='bbox 2512 3824 2871 3905; x_wconf 80' lang='lat' dir='ltr'><strong>praedictum</strong></span> 
     </span>
     <span class='ocr_line' id='line_1_39' title="bbox 594 3907 2870 3991; baseline -0.004 -15"><span class='ocrx_word' id='word_1_371' title='bbox 594 3913 942 3989; x_wconf 77' lang='lat' dir='ltr'><strong>Ricardum,</strong></span> <span class='ocrx_word' id='word_1_372' title='bbox 981 3912 1288 3991; x_wconf 86' lang='lat' dir='ltr'><strong>quondam</strong></span> <span class='ocrx_word' id='word_1_373' title='bbox 1329 3910 1605 3973; x_wconf 87' lang='lat' dir='ltr'><strong>Priorem</strong></span> <span class='ocrx_word' id='word_1_374' title='bbox 1631 3910 1707 3971; x_wconf 90' lang='lat' dir='ltr'><strong>de</strong></span> <span class='ocrx_word' id='word_1_375' title='bbox 1736 3908 2093 3985; x_wconf 85' lang='lat' dir='ltr'><strong>Kirkeham‚</strong></span> <span class='ocrx_word' id='word_1_376' title='bbox 2136 3907 2640 3988; x_wconf 81' lang='lat' dir='ltr'><strong>praedecessorem</strong></span> <span class='ocrx_word' id='word_1_377' title='bbox 2676 3927 2870 3981; x_wconf 88' lang='lat' dir='ltr'><strong>suum,</strong></span> 
     </span>
     <span class='ocr_line' id='line_1_40' title="bbox 593 3988 2875 4075; baseline -0.004 -19"><span class='ocrx_word' id='word_1_378' title='bbox 593 4002 734 4075; x_wconf 89' lang='lat' dir='ltr'><strong>post</strong></span> <span class='ocrx_word' id='word_1_379' title='bbox 774 3996 1032 4075; x_wconf 82' lang='lat' dir='ltr'><strong>primam</strong></span> <span class='ocrx_word' id='word_1_380' title='bbox 1073 4002 1184 4055; x_wconf 89' lang='lat' dir='ltr'><strong>etc.</strong></span> <span class='ocrx_word' id='word_1_381' title='bbox 1271 3992 1354 4054; x_wconf 91' lang='lat' dir='ltr'><strong>Et</strong></span> <span class='ocrx_word' id='word_1_382' title='bbox 1380 3992 1524 4054; x_wconf 90' lang='lat' dir='ltr'><strong>inde</strong></span> <span class='ocrx_word' id='word_1_383' title='bbox 1608 3991 1849 4053; x_wconf 87' lang='lat' dir='ltr'><strong>roducit</strong></span> <span class='ocrx_word' id='word_1_384' title='bbox 1887 3997 2115 4052; x_wconf 88' lang='lat' dir='ltr'><strong>sectam</strong></span> <span class='ocrx_word' id='word_1_385' title='bbox 2142 3998 2253 4051; x_wconf 90' lang='lat' dir='ltr'><strong>etc.</strong></span> <span class='ocrx_word' id='word_1_386' title='bbox 2337 3988 2421 4051; x_wconf 86' lang='lat' dir='ltr'><strong>Et</strong></span> <span class='ocrx_word' id='word_1_387' title='bbox 2460 3990 2672 4051; x_wconf 88' lang='lat' dir='ltr'><strong>Abbas</strong></span> <span class='ocrx_word' id='word_1_388' title='bbox 2704 3988 2875 4051; x_wconf 80' lang='lat' dir='ltr'><strong>venit</strong></span> 
     </span>
     <span class='ocr_line' id='line_1_41' title="bbox 593 4068 2873 4154; baseline -0.004 -15"><span class='ocrx_word' id='word_1_389' title='bbox 593 4087 659 4139; x_wconf 86' lang='lat' dir='ltr'><strong>et</strong></span> <span class='ocrx_word' id='word_1_390' title='bbox 697 4076 978 4139; x_wconf 84' lang='lat' dir='ltr'><strong>defendit</strong></span> <span class='ocrx_word' id='word_1_391' title='bbox 1012 4074 1113 4154; x_wconf 89' lang='lat' dir='ltr'><strong>jus</strong></span> <span class='ocrx_word' id='word_1_392' title='bbox 1153 4093 1348 4149; x_wconf 87' lang='lat' dir='ltr'><strong>suum,</strong></span> <span class='ocrx_word' id='word_1_393' title='bbox 1391 4094 1557 4153; x_wconf 89' lang='lat' dir='ltr'><strong>quan</strong></span> <span class='ocrx_word' id='word_1_394' title='bbox 1601 4094 1637 4135; x_wconf 94' lang='lat' dir='ltr'><strong>o</strong></span> <span class='ocrx_word' id='word_1_395' title='bbox 1678 4080 1789 4135; x_wconf 85' lang='lat' dir='ltr'><strong>etc.</strong></span> <span class='ocrx_word' id='word_1_396' title='bbox 1894 4071 1981 4132; x_wconf 89' lang='lat' dir='ltr'><strong>Et</strong></span> <span class='ocrx_word' id='word_1_397' title='bbox 2018 4071 2171 4133; x_wconf 90' lang='lat' dir='ltr'><strong>bene</strong></span> <span class='ocrx_word' id='word_1_398' title='bbox 2208 4070 2489 4132; x_wconf 81' lang='lat' dir='ltr'><strong>defendit</strong></span> <span class='ocrx_word' id='word_1_399' title='bbox 2520 4068 2691 4151; x_wconf 90' lang='lat' dir='ltr'><strong>quod</strong></span> <span class='ocrx_word' id='word_1_400' title='bbox 2728 4089 2873 4150; x_wconf 84' lang='lat' dir='ltr'><strong>prae-</strong></span> 
     </span>
     <span class='ocr_line' id='line_1_42' title="bbox 593 4150 2873 4236; baseline -0.004 -15"><span class='ocrx_word' id='word_1_401' title='bbox 593 4159 793 4221; x_wconf 86' lang='lat' dir='ltr'><strong>dictus</strong></span> <span class='ocrx_word' id='word_1_402' title='bbox 833 4157 1051 4231; x_wconf 86' lang='lat' dir='ltr'><strong>Adam,</strong></span> <span class='ocrx_word' id='word_1_403' title='bbox 1084 4156 1389 4236; x_wconf 86' lang='lat' dir='ltr'><strong>quondam</strong></span> <span class='ocrx_word' id='word_1_404' title='bbox 1431 4156 1639 4217; x_wconf 88' lang='lat' dir='ltr'><strong>Abbas</strong></span> <span class='ocrx_word' id='word_1_405' title='bbox 1678 4154 1757 4215; x_wconf 90' lang='lat' dir='ltr'><strong>de</strong></span> <span class='ocrx_word' id='word_1_406' title='bbox 1795 4152 2052 4226; x_wconf 84' lang='lat' dir='ltr'><strong>Rivalle,</strong></span> <span class='ocrx_word' id='word_1_407' title='bbox 2132 4150 2491 4214; x_wconf 82' lang='lat' dir='ltr'><strong>raedecessor</strong></span> <span class='ocrx_word' id='word_1_408' title='bbox 2528 4170 2691 4227; x_wconf 86' lang='lat' dir='ltr'><strong>suus,</strong></span> <span class='ocrx_word' id='word_1_409' title='bbox 2731 4150 2873 4211; x_wconf 90' lang='lat' dir='ltr'><strong>inde</strong></span> 
     </span>
     <span class='ocr_line' id='line_1_43' title="bbox 593 4232 2869 4319; baseline -0.004 -17"><span class='ocrx_word' id='word_1_410' title='bbox 593 4239 926 4303; x_wconf 76' lang='lat' dir='ltr'><strong>dissaisivit</strong></span> <span class='ocrx_word' id='word_1_411' title='bbox 965 4238 1323 4319; x_wconf 82' lang='lat' dir='ltr'><strong>praedictum</strong></span> <span class='ocrx_word' id='word_1_412' title='bbox 1364 4236 1711 4309; x_wconf 81' lang='lat' dir='ltr'><strong>Ricardum,</strong></span> <span class='ocrx_word' id='word_1_413' title='bbox 1742 4234 2052 4315; x_wconf 89' lang='lat' dir='ltr'><strong>quondam</strong></span> <span class='ocrx_word' id='word_1_414' title='bbox 2146 4234 2366 4296; x_wconf 88' lang='lat' dir='ltr'><strong>riorem</strong></span> <span class='ocrx_word' id='word_1_415' title='bbox 2392 4232 2471 4295; x_wconf 90' lang='lat' dir='ltr'><strong>de</strong></span> <span class='ocrx_word' id='word_1_416' title='bbox 2508 4232 2869 4304; x_wconf 84' lang='lat' dir='ltr'><strong>Kirkeham‚</strong></span> 
     </span>
     <span class='ocr_line' id='line_1_44' title="bbox 596 4313 2873 4403; baseline -0.004 -20"><span class='ocrx_word' id='word_1_417' title='bbox 596 4320 1094 4403; x_wconf 87' lang='lat' dir='ltr'><strong>praedecessorem</strong></span> <span class='ocrx_word' id='word_1_418' title='bbox 1123 4318 1396 4401; x_wconf 85' lang='lat' dir='ltr'><strong>praedicti</strong></span> <span class='ocrx_word' id='word_1_419' title='bbox 1425 4318 1668 4391; x_wconf 88' lang='lat' dir='ltr'><strong>Prioris,</strong></span> <span class='ocrx_word' id='word_1_420' title='bbox 1700 4316 1779 4378; x_wconf 88' lang='lat' dir='ltr'><strong>de</strong></span> <span class='ocrx_word' id='word_1_421' title='bbox 1808 4315 2098 4397; x_wconf 83' lang='lat' dir='ltr'><strong>praedicta</strong></span> <span class='ocrx_word' id='word_1_422' title='bbox 2123 4334 2459 4377; x_wconf 86' lang='lat' dir='ltr'><strong>communa.</strong></span> <span class='ocrx_word' id='word_1_423' title='bbox 2543 4313 2629 4374; x_wconf 85' lang='lat' dir='ltr'><strong>Et</strong></span> <span class='ocrx_word' id='word_1_424' title='bbox 2654 4314 2734 4376; x_wconf 92' lang='lat' dir='ltr'><strong>de</strong></span> <span class='ocrx_word' id='word_1_425' title='bbox 2762 4313 2873 4374; x_wconf 88' lang='lat' dir='ltr'><strong>hoc</strong></span> 
     </span>
     <span class='ocr_line' id='line_1_45' title="bbox 594 4394 2869 4484; baseline -0.004 -19"><span class='ocrx_word' id='word_1_426' title='bbox 594 4403 771 4484; x_wconf 89' lang='lat' dir='ltr'><strong>ponit</strong></span> <span class='ocrx_word' id='word_1_427' title='bbox 795 4423 859 4464; x_wconf 88' lang='lat' dir='ltr'><strong>se</strong></span> <span class='ocrx_word' id='word_1_428' title='bbox 887 4420 1066 4482; x_wconf 88' lang='lat' dir='ltr'><strong>super</strong></span> <span class='ocrx_word' id='word_1_429' title='bbox 1094 4400 1368 4481; x_wconf 86' lang='lat' dir='ltr'><strong>patriam.</strong></span> <span class='ocrx_word' id='word_1_430' title='bbox 1457 4398 1540 4459; x_wconf 91' lang='lat' dir='ltr'><strong>Et</strong></span> <span class='ocrx_word' id='word_1_431' title='bbox 1567 4398 1743 4459; x_wconf 90' lang='lat' dir='ltr'><strong>Prior</strong></span> <span class='ocrx_word' id='word_1_432' title='bbox 1770 4397 2065 4459; x_wconf 87' lang='lat' dir='ltr'><strong>similiter.</strong></span> <span class='ocrx_word' id='word_1_433' title='bbox 2150 4394 2301 4457; x_wconf 88' lang='lat' dir='ltr'><strong>Ideo</strong></span> <span class='ocrx_word' id='word_1_434' title='bbox 2328 4398 2437 4457; x_wconf 84' lang='lat' dir='ltr'><strong>fiat</strong></span> <span class='ocrx_word' id='word_1_435' title='bbox 2467 4394 2612 4458; x_wconf 91' lang='lat' dir='ltr'><strong>inde</strong></span> <span class='ocrx_word' id='word_1_436' title='bbox 2648 4396 2869 4475; x_wconf 84' lang='lat' dir='ltr'><strong>jurata,</strong></span> 
     </span>
    </p>
   </div>
   <div class='ocr_carea' id='block_1_7' title="bbox 600 4496 708 4547">
    <p class='ocr_par' dir='ltr' id='par_1_7' title="bbox 600 4496 708 4547">
     <span class='ocr_line' id='line_1_46' title="bbox 600 4496 708 4547; baseline -0.009 0"><span class='ocrx_word' id='word_1_437' title='bbox 600 4496 708 4547; x_wconf 78' lang='lat' dir='ltr'><strong>ete.</strong></span> 
     </span>
    </p>
   </div>
  </div>
 </body>
</html>
