3075 5009
875 539 1353 588 Garumnam
1396 538 1865 588 mvmtnss.
2441 527 2524 592 13

436 696 663 830 οκέιῖὶ.
711 762 1132 828 Confirmatio
1183 763 1418 846 Rogeri
1478 763 1974 848 Archiepiscopi
2033 762 2118 828 de
2175 762 2525 832 donatione

814 849 1130 914 Bet-nardi
1201 849 1284 914 de
1354 849 1544 914 Baiol
1603 849 1685 915 de
1743 849 2050 915 Tesedale
2109 858 2177 916 et
2247 850 2526 918 Wester-

810 936 975 1004 dale.

270 1022 417 1110 [21]
446 1039 663 1090 cxcw.
708 1023 1067 1088 Attestatio
1094 1021 1465 1107 Engelrami
1492 1023 1746 1089 Decani
1773 1033 1842 1088 et
1873 1023 2162 1108 Capituli
2183 1024 2266 1090 de
2294 1025 2527 1091 Ridale

812 1111 893 1175 de
963 1111 1325 1195 quietantia
1398 1119 1588 1175 terrae
1667 1131 1866 1195 quam
1942 1112 2158 1176 tenuit
2231 1112 2524 1178 Sunnive

810 1217 977 1262 uxor
1004 1197 1335 1262 Lamberti
1364 1197 1435 1261 in
1466 1198 1793 1264 Houeton.

474 1299 665 1352 cxcv.
712 1283 843 1370 [No
898 1289 1083 1435 m
1098 1305 1125 1362 ‚·
1186 1285 1337 1368 only
1394 1285 1495 1350 the
1553 1285 1678 1348 last
1735 1285 1866 1350 lino
1921 1287 2002 1370 os
2041 1285 2140 1350 the
2189 1287 2523 1370 preceding

812 1391 907 1436 nu
1078 1421 1091 1434 .

444 1473 667 1526 (31ch
712 1458 907 1524 Carta
938 1371 1229 1542 Capii'mli
1258 1457 1321 1524 S.
1352 1457 1698 1524 Outhberti
1717 1458 2025 1524 Dunelm.

422 1561 669 1612 cxcvn.
716 1545 1137 1611 Confirmatio
1166 1544 1430 1610 Cisterc.
1462 1545 1744 1610 Abbatis
1773 1551 1840 1610 et
1885 1544 2398 1612 Clarewallensis
2441 1547 2522 1612 de

808 1652 969 1782 pace
1006 1633 1357 1784 {esox-mata
1398 1633 1572 1697 inter
1615 1652 1736 1698 nos
1779 1637 1846 1698 et
1889 1633 2120 1698 fratres
2160 1641 2412 1700 nostros
2442 1633 2522 1699 de

866 1720 1007 1784 onti
1050 1739 1145 1784 us.

392 1822 663 1872 cxcvm.
708 1805 1127 1872 Confirmatio
1174 1805 1453 1872 Abbatis
1504 1813 1573 1872 et
1621 1804 1911 1891 Capituli
1959 1806 2043 1872 de
2094 1807 2382 1891 Begland
2443 1809 2523 1872 de

826 1892 1094 1958 decimis
1123 1893 1205 1957 de
1236 1893 1561 1958 Scaletun.

436 1996 657 2046 CXCIX.
708 1980 1201 2064 Gyrographum
1230 1981 1409 2064 pacis
1439 1982 1616 2046 inter
1643 2001 1762 2045 nos
1793 1988 1860 2045 et
1891 1979 2372 2047 Bellandenses.

565 2083 661 2132 σο.
710 2067 909 2133 Carta
934 2067 1016 2132 de
1044 2067 1287 2132 fossato
1316 2067 1548 2132 subtus
1577 2067 1966 2134 Eskeberch.

536 2169 661 2220 σοι.
706 2153 1097 2219 Adhortatio
1113 2154 1451 2218 Abbatum
1474 2155 1920 2220 cisterciensis
1943 2163 2010 2220 et
2029 2155 2522 2221 Olarevallensis

808 2241 891 2306 ad
920 2261 1039 2305 nos
1067 2249 1136 2305 et
1165 2241 1247 2305 ad
1280 2241 1742 2306 Bellandenses
1771 2241 2034 2307 directa.

510 2343 660 2394 0011.
708 2327 1196 2479 Cyzographum
1266 2329 1443 2394 inter
1500 2329 1959 2394 Cistercienses
2017 2336 2085 2394 et
2159 2329 2522 2416 Sempling·

856 2435 1166 2480 amensea

722 2501 883 2586 [The
909 2503 1273 2568 remamder
1300 2504 1378 2587 os
1396 2503 1495 2566 the
1512 2501 1682 2586 folio
1711 2503 1772 2567 ia
1797 2501 2040 2586 blank]

222 2604 673 2656 com-ccxm.
721 2589 897 2674 [qut
927 2589 1163 2674 blank]

226 2676 409 2762 [21¹³]
448 2691 668 2742 ccxlv,
714 2675 1137 2760 Privilegium
1165 2675 1527 2742 Alexandri
1557 2676 1752 2760 Papae
1779 2694 1877 2740 111.
1909 2675 1990 2741 de
2022 2675 2330 2741 Rievalle.

480 2779 669 2828 ccxv,
713 2763 819 2827 De
848 2763 1333 2828 confirmatione
1364 2764 1539 2848 pacti
1570 2763 1974 2847 quarundam
2003 2763 2415 2828 decimarum.

456 2866 673 2916 ccxvl.
720 2849 825 2916 De
872 2847 1165 2916 Jordano
1224 2849 1305 2915 de
1366 2851 1599 2916 Bussei
1651 2857 1718 2914 et
1767 2849 1982 2914 Adam
2038 2848 2172 2914 filio
2233 2850 2410 2915 Petri
2452 2857 2524 2914 et

810 2936 1217 3020 quorundam
1246 2936 1517 3002 aliorum
1550 2937 1734 3002 done.

420 3039 665 3090 ccxvn.
709 3023 815 3088 De
842 3025 1089 3108 injusta
1117 3031 1435 3090 terrarum
1464 3023 1800 3090 evictione.

398 3127 671 3178 ccxvm.
716 3111 967 3262 Roficro
1010 3111 1196 3177 Ebot.
1244 3111 1742 3196 Archiepiscopo
1786 3117 1854 3174 et
1897 3109 2168 3196 Hugoni
2219 3108 2524 3174 Dunelm.

914 3219 1044 3264 isco
1128 3249 1143 3264 .

448 3301 671 3352 ccxlx.
718 3285 822 3349 De
852 3218 1364 3370 ssossesfflonibus
1395 3291 1463 3350 et
1482 3284 1768 3369 pasturis
1801 3283 2130 3349 Rievallis.

482 3387 671 3438 ccxx.
718 3371 825 3436 Ad
854 3371 1179 3458 Rogemm
1206 3372 1789 3456 Archiepiscopum
1820 3370 1900 3436 de
1929 3369 2236 3436 Rievalle.

452 3475 673 3526 com
720 3459 985 3524 Litterae
1052 3459 1323 3524 Domini
1396 3460 1592 3542 Papae
1649 3459 1914 3523 directae
1976 3458 2224 3542 Roget-o
2295 3457 2528 3522 Archi-

814 3548 1116 3631 episeopo
1214 3547 1295 3610 de
1383 3546 1652 3611 decimis
1741 3545 2028 3610 ecclesiae
2117 3545 2198 3610 de
2285 3543 2529 3610 Welle-

858 3653 893 3698 e

426 3737 669 3788 ccxxn.
718 3683 981 3786 Litterai
1007 3720 1281 3785 Domini
1310 3720 1503 3804 Papae
1530 3719 1852 3804 Episcopo
1881 3718 2190 3786 Dunelm.
2221 3725 2288 3784 et
2321 3717 2532 3783 Priori

812 3806 1073 3873 directae
1100 3807 1185 3872 de
1212 3807 1481 3872 decimis
1510 3806 1594 3872 de
1623 3806 1876 3872 Cotum.

399 3911 675 3962 ccxxm.
719 3895 836 3994 De·
884 3895 995 3994 eis·
1032 3893 1151 3980 qui
1208 3914 1439 3959 manus
1496 3894 1569 3958 in
1641 3893 1990 3958 monachos
2047 3899 2116 3958 et
2187 3911 2528 3958 conversos

409 4085 677 4137 ccxxrv,
722 3989 1338 4133 Dentlz‘liliiiifflatione
1367 4068 1544 4152 pacti
1575 4066 1979 4152 quarundam
2008 4065 2418 4132 decimarum.

440 4172 677 4222 ccxxv,
724 4156 828 4219 De
858 4155 1189 4220 monachis
1218 4164 1286 4219 et
1316 4155 1642 4219 conversis
1672 4153 1985 4238 fugitivis.

412 4259 679 4310 ccxxvl.
726 4242 843 4344 De·
874 4242 1136 4342 justitia
1187 4241 1483 4306 facienda
1535 4261 1650 4327 pro
1697 4241 1957 4325 injuriis
2007 4237 2532 4306 Rievallensibus

384 4433 672 4484 ccxxvn.
720 4327 1432 4500 Rossffsssboracensi
1519 4413 2023 4500 Archiepiscopo
2097 4414 2180 4478 de
2266 4409 2534 4477 decimis

824 4503 1281 4568 monachorum
1312 4523 1441 4567 non
1474 4501 1786 4586 petendis.
