3075 5009
1230 453 1577 502 Arrius-mx.
2145 439 2163 465 ‘
2421 443 2547 502 415

268 621 553 694 questum
574 613 849 693 septimo,
916 633 983 674 er
1006 618 1447 673 sacramentum
1463 609 1757 672 Willelmi
1777 610 1854 671 de
1869 610 2238 684 Thorntona,
2261 609 2553 671 Willelmi

272 699 497 771 Starre,
530 694 820 756 Willelmi
891 714 925 755 e
953 693 997 755 S
1042 701 1315 767 roxtona‚
1347 691 1630 772 Hugonis
1656 691 1927 770 Sturmy,
1956 691 2235 754 Nieholai
2257 691 2356 753 del
2377 691 2548 771 Clay,

270 776 573 839 ‚Iohannis
601 774 907 849 Douneor,
1020 774 1229 835 illelmi
1257 773 1501 854 Stryng,
1528 772 1774 834 Radulfi
1795 772 1873 834 de
1895 772 2239 851 Kyrkmna,
2259 771 2556 834 Willelmi

276 857 487 932 ward,
534 857 783 918 Thomae
831 856 909 918 de
959 856 1198 929 Holme,
1246 855 1506 916 Walteri
1555 853 1634 915 de
1675 854 2000 928 Grenhow,
2041 863 2105 917 et
2148 853 2438 916 Willelmi
2476 855 2552 915 de

277 937 612 1018 Kyrkeley,
658 940 764 1017 qui
804 938 1020 998 dicunt
1060 957 1241 1017 super
1280 943 1722 998 sacramentum
1765 956 1943 998 suum
1969 936 2136 1016 quod
2175 955 2297 997 non
2340 943 2435 996 est
2477 935 2553 996 ad

277 1021 611 1099 dampnum
636 1039 749 1080 nee
774 1018 1197 1098 praejudicium
1224 1018 1473 1079 Domini
1499 1016 1702 1097 Regis,
1735 1037 1845 1078 nee
1873 1017 2143 1090 aliorum,
2177 1019 2228 1077 si
2254 1017 2556 1078 Dominus

277 1101 415 1162 Rex
454 1100 748 1162 concedat
794 1099 1115 1184 [Ro]berto
1156 1099 1281 1160 filio
1320 1097 1364 1159 J
1365 1099 1537 1160 aeobi
1577 1098 1656 1159 de
1695 1097 1951 1160 Bulford
1991 1099 2158 1177 quod
2197 1099 2326 1177 ipse
2365 1117 2555 1158 unum

278 1183 673 1262 mesuagium,
715 1191 853 1243 octo
893 1182 1067 1256 tofta,
1112 1188 1345 1260 septem
1386 1181 1638 1241 bovatas
1677 1187 1872 1253 terrae,
1917 1189 2040 1240 tres
2081 1200 2248 1240 aeras
2289 1179 2464 1258 prati,
2495 1187 2560 1241 et

278 1264 573 1325 ducentas
613 1283 779 1324 aeras
818 1283 1019 1338 morse,
1063 1281 1199 1324 eum
1242 1260 1649 1342 pertinenciis,
1677 1261 1739 1320 in
1771 1260 2044 1335 Bulford,
2075 1261 2220 1322 dare
2260 1261 2455 1340 possit
2495 1267 2560 1325 et

278 1345 585 1424 assignare
612 1343 843 1406 Abbati
883 1351 949 1406 et
988 1343 1334 1405 Conventui
1374 1343 1453 1404 de
1495 1341 1804 1421 Ryevalle,
1850 1342 2218 1403 Habendum
2257 1387 2271 1402 .
2321 1389 2336 1404 .
2381 1388 2396 1403 .
2441 1342 2558 1403 sibi

280 1433 347 1488 et
392 1425 833 1486 suecessoribus
881 1424 1005 1486 suis
1052 1426 1117 1485 in
1168 1433 1401 1503 partem
1457 1423 1890 1484 satisfactionis
1943 1423 2154 1485 decem
2201 1423 2558 1484 libratarum

276 1517 456 1570 terrae
505 1515 570 1568 et
614 1505 891 1568 redditus
936 1525 1089 1584 quos
1131 1505 1434 1566 Dominus
1489 1504 1626 1565 Rex
1680 1503 1907 1565 eisdem
1963 1524 2074 1585 per
2126 1504 2362 1565 litteras
2419 1523 2558 1565 suas

282 1595 579 1668 patentes,
622 1595 752 1648 tam
792 1587 869 1650 de
910 1587 1089 1648 feodo
1131 1605 1243 1648 suo
1283 1584 1526 1666 proprio
1612 1605 1752 1647 uam
1792 1585 2008 1659 alieno,
2052 1585 2321 1665 exeeptis
2361 1585 2558 1660 terris,

283 1669 651 1732 tenementis
720 1675 785 1730 et
846 1667 1187 1729 redditibus
1242 1687 1377 1747 quae
1446 1666 1525 1728 de
1649 1667 1852 1728 omino
1912 1666 2080 1746 Rege
2145 1674 2434 1728 tenentur
2495 1666 2560 1727 in

279 1751 497 1831 eapite,
552 1749 851 1812 concessit
902 1747 1281 1828 adquirenda
1332 1749 1397 1809 in
1446 1757 1824 1828 perpetuum.
1930 1747 2089 1810 Item
2136 1748 2352 1809 dicunt
2396 1747 2562 1827 quod

282 1833 489 1894 omnia
513 1831 805 1912 praedicta
840 1837 1017 1892 terres
1046 1839 1110 1892 et
1148 1836 1498 1892 tenementa
1534 1837 1826 1891 tenentur
1864 1828 1929 1890 in
1957 1829 2154 1909 eapite
2181 1830 2257 1892 de
2298 1829 2564 1891 Domino

281 1913 325 1975 J
326 1911 565 1974 ohanne
592 1912 670 1973 de
710 1912 1014 1991 Moubray
1042 1930 1151 1991 per
1182 1912 1498 1972 servitium
1538 1911 1721 1972 unius
1763 1909 1932 1972 librae
2017 1911 2198 1991 iperis
2239 1909 2565 1972 reddendae

284 2013 397 2074 per
436 2013 663 2055 annum
702 2013 814 2072 pro
854 1993 1022 2053 omni
1060 1993 1326 2054 servitio.
1415 1991 1574 2053 Item
1599 1992 1816 2054 dieunt
1840 2013 1922 2072 qu
2046 1993 2250 2054 omnia
2276 1991 2568 2072 praedicta

283 2085 463 2138 terrae
504 2083 568 2138 et
607 2081 957 2135 tenementa
996 2072 1205 2134 valent
1244 2093 1355 2153 per
1394 2093 1626 2134 annum
1665 2073 1730 2134 in
1772 2074 2051 2135 omnibus
2080 2073 2345 2135 exitibus
2386 2075 2567 2152 juxta

284 2177 499 2218 verum
544 2154 811 2217 valorem
860 2154 1191 2216 eorundem
1229 2155 1497 2234 quinque
1544 2174 1775 2216 mareas
1815 2155 2066 2234 argenti.
2156 2155 2315 2217 Item
2355 2155 2569 2217 dieunt

289 2237 456 2318 quod
504 2256 629 2298 non
682 2244 778 2298 est
829 2235 1050 2314 aliquis
1090 2235 1243 2296 alius
1296 2234 1532 2296 medius
1581 2235 1658 2296 de
1711 2235 1992 2296 omnibus
2043 2236 2348 2315 praedietis
2389 2236 2568 2296 terris

288 2328 355 2380 et
417 2318 783 2380 tenementis
834 2317 999 2378 inter
1050 2315 1385 2378 Dominum
1447 2315 1680 2393 Regem
1735 2324 1800 2377 et
1853 2316 2175 2398 praefatum
2229 2316 2568 2379 Robertum

288 2399 406 2462 nisi
453 2398 753 2460 Dominus
798 2397 842 2458 J
844 2398 1111 2460 ohannes
1154 2397 1231 2458 de
1270 2397 1588 2476 Moubray.
1698 2396 1857 2457 Item
1911 2397 2126 2458 dicunt
2172 2397 2337 2477 quod
2377 2417 2568 2459 unum

290 2479 685 2560 mesuagium,
742 2500 851 2540 sex
903 2479 1081 2552 tofta,
1138 2498 1249 2539 sex
1303 2478 1539 2539 bovatae
1588 2486 1765 2538 terrae
1815 2478 1877 2538 in
1933 2477 2198 2540 Naleton
2255 2487 2573 2539 remanent

291 2561 491 2624 eidem
531 2561 800 2622 Roberto
827 2560 991 2622 ultra
1016 2559 1407 2621 donationem
1433 2568 1498 2620 et
1523 2559 1992 2639 assignationem
2021 2559 2354 2638 praedictas.
2413 2561 2572 2620 Item

293 2644 509 2705 dieunt
554 2642 720 2722 quod
767 2641 979 2704 eadem
1022 2648 1201 2702 terrae
1248 2650 1314 2702 et
1362 2649 1709 2703 tenementa
1757 2641 1822 2701 in
1862 2640 1923 2701 N
1926 2639 2128 2701 aleton
2169 2649 2460 2702 tenentur
2494 2641 2572 2701 de

294 2725 549 2804 praefato
588 2723 857 2785 Domino
896 2722 1180 2784 Johanne
1220 2721 1297 2782 de
1337 2721 1601 2783 Moubra
1685 2741 1794 2802 per
1841 2723 2158 2783 servitium
2197 2723 2380 2784 unius
2423 2741 2572 2783 rosae

290 2825 403 2885 per
443 2824 687 2878 annum,
734 2823 843 2885 pro
892 2803 1057 2865 omni
1102 2803 1367 2877 servitio,
1413 2811 1479 2864 et
1517 2823 1598 2864 va
1620 2812 1728 2865 ent
1768 2823 1878 2883 per
1917 2823 2144 2865 annum
2184 2804 2249 2864 in
2291 2803 2572 2865 omnibus

292 2886 559 2948 exitibus
586 2905 693 2946 sex
720 2905 951 2946 marcas
988 2884 1236 2965 argenti.
1326 2884 1485 2945 Item
1526 2883 1742 2945 dieunt
1766 2884 1931 2964 quod
1975 2883 2278 2964 praedietae
2306 2892 2484 2945 terrae
2511 2892 2575 2944 et

292 2974 643 3029 tenementa
668 2966 734 3027 in
762 2966 1046 3040 Naleton,
1079 2965 1277 3027 eidem
1304 2965 1577 3026 Roberto
1603 2965 1980 3027 remanentia
1998 2965 2163 3026 ultra
2183 2965 2574 3027 donationem

293 3057 360 3110 et
405 3047 874 3191 azsignaeionem
919 3046 1255 3126 praedietaa
1306 3047 1606 3108 sufficient
1645 3046 1724 3108 ad
1765 3047 1971 3108 omnia
2009 3047 2475 3109 eonsuetudines
2513 3053 2578 3108 et

294 3151 453 3192 servi
484 3150 545 3191 ia
571 3149 605 3192 e
669 3176 684 3191 .

379 3307 473 3366 97.
535 3303 788 3387 [Patent
844 3302 1027 3364 Rolls.
1144 3307 1180 3364 8
1236 3301 1406 3364 Edw.
1466 3317 1558 3363 111.
1624 3301 1854 3386 [1334],
1913 3311 1999 3384 pt.
2065 3305 2116 3378 1,
2175 3324 2252 3366 m.
2314 3303 2402 3386 4.]
2482 3303 2578 3366 De

293 3384 1019 3449 attornatione.—Abbas
1072 3383 1150 3444 de
1204 3381 1512 3462 Ryevalle,
1573 3385 1679 3462 qui
1743 3384 1821 3446 ad
1877 3383 2227 3465 Capitulum
2283 3385 2580 3447 Generale

297 3465 995 3622 ipiffissssffiffibsssst
1008 3485 1049 3546 ¹²
1041 3465 1287 3607 1353?
1324 3463 1649 3608 ἴέἐθξΓἭέ
1657 3465 2416 3609 Ἣῃῖἓωῗοὲἲέἐίῃέἷὲζὲ
2446 3487 2582 3609 ξὶἶ

298 3569 646 3691 ιιῖξιῃίηἰῦιιε
671 3627 715 3688 J
717 3627 973 3689 ohannis
1000 3628 1076 3690 de
1116 3566 1781 3703 Martona,gblerici,get
1807 3627 2100 3690 Willelmi
2125 3629 2203 3690 de
2231 3628 2577 3708 Hustwayt‚

298 3710 415 3772 sub
462 3710 888 3784 attornatione,
940 3709 1016 3770 ad
1064 3709 1425 3770 lucrandum
1465 3708 1565 3770 vel
1612 3709 2006 3789 perdendum,
2057 3719 2191 3784 ete„
2233 3710 2294 3770 in
2338 3710 2582 3790 quibus-

300 3811 540 3872 cunque
569 3790 769 3853 Curiis
796 3789 1069 3869 Anglieis
1110 3811 1301 3870 usque
1342 3789 1423 3852 ad
1462 3790 1691 3852 festum
1732 3791 1971 3852 Natalis
2012 3791 2262 3853 Domini
2304 3793 2581 3872 proxime

300 3873 599 4016 gutli-irum,
642 3891 751 3950 per
790 3880 1115 3954 praesentes
1156 3879 1266 3934 etc.
1362 3871 1428 3934 T.
1514 3871 1700 3952 Rege,
1731 3872 1896 3952 apud
1923 3872 1984 3933 N
1987 3873 2317 3954 otingham‚
2347 3872 2582 3936 xvidie

348 3973 389 4015 u
412 3973 471 4014 11.

387 4116 483 4176 98.
556 4114 780 4175 Patent
824 4113 1013 4176 Rolls.
1099 4117 1177 4174 43
1226 4114 1395 4174 Edw.
1448 4129 1543 4176 111.
1595 4113 1832 4198 [1369],
1885 4123 1970 4197 pt.
2026 4118 2080 4190 1,
2130 4136 2209 4178 m.
2259 4115 2386 4200 33.]
2488 4116 2584 4180 De

303 4216 521 4276 exemp
568 4194 1085 4257 ficatione—Rex
1140 4196 1419 4256 omnibus
1472 4196 1552 4257 ad
1639 4216 1748 4258 uos
1789 4242 1803 4258 .
1851 4243 1866 4258 .
1911 4244 1924 4259 .
1972 4196 2357 4277 Inspeximus
2395 4217 2588 4277 quan-

304 4279 449 4340 dam
503 4277 995 4338 certificationem
1050 4276 1225 4337 nobis
1278 4277 1345 4337 in
1400 4275 1622 4342 Cancel
1647 4277 1774 4340 aria
1827 4285 2037 4340 nostra
2093 4298 2204 4358 per
2256 4279 2587 4340 Thesaura-

306 4360 465 4421 rium
507 4365 573 4421 et
619 4357 1033 4420 camerarium
1080 4367 1319 4419 nostros
1359 4356 1437 4420 de
1480 4361 1774 4427 mandato
1815 4368 2024 4421 nostro
2065 4361 2306 4421 missam
2350 4359 2416 4421 in
2459 4359 2586 4422 haeo

306 4441 493 4504 verba
510 4439 843 4503 t-Plaeita
895 4439 1239 4501 clamanciae
1292 4440 1370 4502 de
1436 4438 1829 4512 libertatibus
1882 4447 1949 4503 et
1999 4441 2358 4520 quietaneiis
2423 4442 2586 4522 apud
