3075 5009
588 499 713 558 224
1242 507 1718 556 caurummtm
1746 507 2210 557 Rmvmnnss.

250 684 440 726 mer
680 665 1037 732 CCCXIX.
1084 665 1221 750 [vii.
1261 665 1410 749 138]
1456 717 1469 729 .
1520 717 1533 730 .
1583 716 1596 730 .
1645 667 1691 730 J
1695 666 1984 730 ohannes
2015 666 2097 729 de
2127 666 2366 752 Eyvile
2393 716 2408 730 .
2441 715 2458 730 .
2489 717 2504 730 .
2535 667 2884 731 Noveritis

252 735 383 828 ἕξοι
396 735 459 834 ἒξ
472 732 553 824 iii‘e’
592 774 697 819 me
727 753 998 830 dedisse,
1026 753 1366 829 remisisse,
1394 754 1692 836 quietum
1723 753 2050 828 clamasse,
2081 759 2148 818 et
2192 753 2314 817 hac
2357 755 2666 838 praesenti
2695 761 2885 818 carta

255 834 545 930 φῶθ’
593 862 757 918 mea,
777 841 849 904 in
878 840 1145 904 modum
1162 839 1545 925 cyrographi
1563 839 1872 916 confecta,
1895 840 2309 904 confirmasse
2353 891 2367 904 .
2413 891 2430 906 .
2475 892 2490 906 .
2537 841 2608 905 Β.
2639 842 2884 906 Mariae

255 937 387 980 ¹⁸¹²ss-
596 927 930 1012 Ryevallis
960 934 1027 991 et
1055 927 1302 991 Abbati
1338 934 1405 992 et
1434 926 1786 1002 monachis,
1816 927 1887 990 in
1929 926 2367 1005 elemosinam,
2394 934 2610 992 totum
2637 963 2646 972 ·
2647 929 2766 1012 jus
2813 937 2886 994 et

256 985 529 1086 Ϊῗιρὲῗξῖῗῖι,
596 1015 922 1091 clamium‚
946 1016 1087 1079 sine
1108 1014 1329 1099 aliquo
1350 1019 1813 1090 retenementO,
1831 1014 2000 1098 quod
2025 1013 2247 1092 habe0,
2271 1014 2378 1079 vel
2398 1015 2638 1080 habere
2667 1017 2886 1099 potui,

258 1089 461 1181 mnf
596 1101 702 1167 vel
725 1102 1011 1166 haeredes
1034 1103 1164 1165 mei
1192 1103 1265 1164 in
1287 1108 1675 1184 perpetuum
1699 1100 1937 1165 habere
1957 1108 2287 1184 poterunt,
2307 1104 2380 1166 in
2400 1103 2614 1166 tribus
2633 1103 2658 1142 ¹
2689 1123 2880 1168 caru·

260 1189 517 1282 3²³⁰?
596 1189 759 1253 catis
786 1195 975 1254 terrae
1003 1189 1085 1253 de
1114 1188 1301 1252 feodo
1346 1208 1489 1252 meo
1536 1209 1685 1252 cum
1730 1188 2030 1252 omnibus
2059 1189 2478 1271 pertinenciis
2521 1189 2678 1266 suis,
2711 1211 2884 1274 quas

259 1249 545 1332 nsdfflthe
596 1276 945 1360 subscripti
1007 1276 1303 1340 homines
1360 1276 1490 1340 mei
1551 1276 1631 1339 de
1689 1295 1796 1338 me
1855 1280 2209 1340 tenuerunt
2264 1277 2336 1339 in
2395 1277 2662 1354 Nalton,
2721 1299 2884 1342 cum

256 1342 349 1384 ¹⁸⁸²
364 1341 489 1383 ‘¹⁰⁶⁰‘
594 1363 914 1447 homagiis
944 1368 1010 1427 et
1039 1363 1342 1438 servitiis,
1372 1362 1606 1427 wardis
1635 1369 1703 1426 et
1731 1362 2011 1439 releviis,
2040 1364 2395 1447 maritagiis
2439 1371 2509 1429 et
2553 1365 2882 1428 eschaetis

594 1450 1104 1535 subscriptorum
1132 1449 1472 1514 hominum
1512 1457 1583 1513 et
1610 1449 1938 1514 haeredum
1969 1451 2476 1527 suorum—scil„
2505 1457 2724 1515 totum
2762 1453 2882 1535 jus

594 1543 665 1604 et
706 1537 1027 1602 clameum
1056 1537 1232 1620 quod
1260 1536 1461 1600 habui
1490 1536 1598 1599 vel
1631 1535 1870 1602 habere
1913 1537 2100 1622 potui
2141 1537 2213 1601 in
2256 1536 2530 1602 dimidia
2575 1547 2882 1603 carucata

594 1632 781 1690 terrae
811 1674 826 1690 .
857 1674 872 1690 .
904 1675 919 1688 .
952 1645 1149 1708 quam
1180 1624 1425 1707 Symon
1455 1623 1690 1688 Wittie
1720 1623 1801 1687 de
1829 1644 1937 1688 me
1965 1623 2181 1688 tenuit
2223 1624 2296 1688 in
2339 1624 2568 1690 eadem
2599 1625 2781 1701 villa,
2811 1635 2880 1690 et

594 1717 807 1776 totum
830 1713 943 1796 jus
974 1719 1041 1776 et
1069 1710 1378 1776 clamium
1408 1710 1584 1793 quod
1613 1709 1834 1787 habui,
1863 1709 1970 1774 vel
1998 1710 2235 1776 habere
2263 1713 2466 1796 potui,
2494 1713 2568 1776 in
2597 1713 2878 1777 dimidia

594 1799 907 1864 karucata
946 1805 1152 1874 terrae,
1181 1818 1380 1882 quam
1426 1797 1745 1862 Robertus
1775 1798 1856 1862 de
1887 1798 2262 1882 Corneburg
2292 1798 2372 1863 de
2411 1819 2518 1863 me
2547 1800 2768 1864 tenuit
2805 1802 2876 1864 in

595 1887 819 1952 eadem
850 1884 1027 1962 villa,
1060 1893 1127 1949 et
1157 1892 1370 1948 totum
1407 1885 1520 1968 jus
1565 1891 1704 1961 etc„
1734 1885 1806 1948 in
1848 1905 1982 1948 una
2011 1883 2285 1949 dimidia
2319 1893 2625 1950 carucata
2667 1893 2879 1964 terrae,

595 1993 793 2057 quam
836 1974 882 2037 J
886 1971 1173 2036 ohannes
1218 1971 1553 2036 Abraham
1583 1972 1664 2036 de
1693 1991 1798 2036 me
1842 1973 2076 2047 tenuit,
2107 1981 2174 2037 et
2218 1979 2432 2037 totum
2469 1975 2583 2057 jus
2627 1983 2772 2051 etc„
2801 1977 2876 2039 in

596 2081 729 2124 una
750 2060 986 2124 bovata
1007 2065 1211 2135 terrae,
1242 2079 1439 2142 quam
1460 2059 1784 2122 Robertus
1809 2058 2072 2123 Burdon
2098 2059 2176 2124 de
2199 2080 2304 2123 me
2327 2062 2544 2126 tenuit
2565 2068 2636 2126 et
2657 2069 2876 2126 totum

588 2148 700 2230 jus
729 2148 797 2211 in
829 2147 1081 2211 duabus
1112 2146 1365 2210 bovatis
1388 2153 1574 2210 terrae
1604 2165 1766 2228 quas
1795 2146 2029 2209 Emma
2057 2146 2398 2211 Twaforan
2437 2147 2521 2211 de
2559 2149 2876 2232 praedicto

596 2233 783 2298 feodo
801 2254 945 2298 meo
964 2234 1178 2298 tenuit
1195 2233 1267 2297 in
1286 2233 1509 2298 eadem
1525 2232 2129 2297 villa—Habendos
2145 2239 2214 2298 et
2229 2235 2544 2299 tenendas
2563 2236 2878 2318 praedicto

595 2321 861 2397 Abbati,
906 2321 1261 2386 Reddendo
1305 2320 1459 2384 inde
1503 2318 1706 2383 michi
1750 2327 1818 2383 et
1861 2318 2228 2384 haeredibus
2271 2323 2436 2386 meis
2486 2325 2880 2407 scutagium,

594 2407 856 2492 quando
902 2408 1225 2485 acciderit,
1254 2412 1575 2491 quantum
1605 2406 1889 2490 pertinet
1917 2407 1999 2471 ad
2030 2413 2292 2472 tantum
2319 2413 2772 2474 tenementum
2803 2412 2878 2474 in

594 2495 821 2560 eadem
840 2495 1019 2572 villa,
1040 2503 1107 2559 et
1136 2495 1422 2558 Domino
1445 2494 1607 2578 Regi
1637 2493 1976 2558 servitium
2005 2515 2217 2570 suum,
2238 2502 2560 2579 quantum
2590 2499 2882 2581 pertinet

594 2583 677 2648 ad
727 2583 904 2648 idem
952 2587 1415 2648 tenementum.
1506 2581 1825 2644 Praeterea
1870 2581 2023 2645 dedi
2065 2589 2134 2646 et
2179 2582 2300 2646 hac
2344 2585 2650 2666 praesenti
2699 2594 2881 2650 carta

596 2690 740 2735 mea
784 2670 854 2734 in
903 2671 1169 2734 modum
1220 2668 1606 2752 cyrographi
1653 2668 1966 2744 confecta,
2011 2669 2406 2746 confirmavi,
2445 2691 2770 2736 consensu
2811 2681 2881 2738 et

596 2758 766 2822 bona
815 2755 1157 2821 voluntate
1206 2755 1565 2841 Dyonisiae,
1612 2756 1840 2820 matris
1891 2776 2068 2835 meae,
2119 2756 2449 2840 praedictis
2507 2759 2758 2823 Abbati
2809 2767 2880 2824 et

596 2844 930 2908 monachis
959 2893 974 2908 .
1024 2893 1039 2908 .
1083 2894 1099 2908 .
1132 2843 1206 2907 in
1234 2843 1671 2919 elemosinam,
1699 2843 1991 2926 quinque
2020 2844 2290 2908 bovatas
2319 2851 2524 2922 terrae,
2545 2845 2618 2909 in
2648 2847 2878 2911 eadem

597 2931 771 3006 villa,
794 2932 936 2994 sine
966 2930 1185 3014 aliquo
1204 2930 1881 2994 retenemento—illas
1909 2930 2044 2994 scil.
2077 2930 2368 3015 quinque
2390 2932 2661 2998 bovatas
2689 2941 2881 2998 terrae

595 3023 714 3082 etc.
770 3039 841 3082 as
856 3019 933 3081 in
950 3017 1071 3082 last
1092 3015 1270 3103 dead]
1292 3017 1646 3081 Habendas
1676 3016 2002 3100 praedictis
2019 3018 2268 3082 Abbati
2295 3026 2362 3083 et
2379 3021 2737 3088 monachis,
2789 3021 2880 3086 Et

596 3124 711 3188 ego
770 3102 1129 3191 warranty]
1158 3104 1377 3168 omnia
1419 3104 1728 3187 praedicta
1767 3104 1919 3188 jura
1957 3111 2025 3169 et
2067 3105 2302 3169 clamia
2331 3127 2478 3190 quae
2518 3107 2742 3184 habui,
2769 3109 2882 3172 vel

594 3191 829 3256 habere
858 3193 1063 3276 potui,
1090 3192 1164 3255 in
1194 3191 1523 3276 praedictis
1569 3191 1778 3255 tribus
1823 3193 2142 3256 carucatis
2173 3200 2379 3269 terrae,
2407 3214 2524 3277 per
2565 3196 2880 3278 praedicta

594 3278 876 3356 servitia,
906 3285 973 3343 et
1001 3279 1340 3363 praedictas
1370 3279 1660 3362 quinque
1687 3279 1957 3343 bovatas
1987 3286 2192 3356 terrae,
2220 3281 2293 3343 in
2321 3281 2614 3358 liberam,
2643 3301 2880 3364 puram

595 3371 665 3431 et
712 3374 1094 3450 perpetuam
1142 3364 1580 3442 elemosinam,
1627 3386 1743 3450 per
1801 3365 2035 3443 omnia,
2084 3367 2253 3431 sicut
2313 3368 2700 3451 praedictum
2761 3378 2881 3446 est,

595 3460 821 3518 contra
863 3473 1086 3518 omnes
1130 3453 1443 3530 homineS‚
1490 3452 1898 3518 Christianos
1945 3461 2014 3518 et
2057 3453 2103 3517 J
2106 3453 2341 3532 udaeos,
2371 3455 2443 3519 in
2486 3464 2880 3541 perpetuum

594 3540 791 3606 —Ita
834 3541 1009 3625 quod
1038 3561 1159 3606 nec
1188 3561 1323 3626 eg0,
1353 3560 1473 3604 nec
1502 3539 1791 3604 haeredes
1821 3540 1970 3616 mei,
1998 3561 2118 3606 nec
2148 3541 2388 3626 aliquis
2419 3563 2535 3626 per
2563 3564 2686 3610 nos
2717 3565 2880 3628 prae—

595 3629 771 3694 dicta
814 3635 1185 3694 tenementa
1213 3629 1602 3712 distringere
1621 3626 1648 3666 ²
1691 3678 1706 3692 .
1753 3677 1769 3693 .
1815 3677 1830 3692 .
1877 3627 2008 3692 nisi
2037 3633 2296 3693 tantum
2329 3649 2448 3714 pro
2477 3631 2794 3716 scutagio,
2823 3633 2882 3696 si

593 3721 815 3780 tamen
874 3735 993 3800 per
1050 3716 1326 3799 alicujus
1385 3715 1714 3780 defectum
1766 3735 2028 3780 necesse
2085 3716 2302 3783 fuerit.
2391 3717 2476 3780 In
2535 3719 2723 3802 cujus
2785 3719 2884 3783 rei

592 3802 1041 3868 testimonium
1100 3802 1406 3888 praesenti
1464 3812 1659 3866 cartae
1716 3802 1790 3864 in
1847 3803 2114 3867 modum
2175 3803 2509 3888 cyrograffi
2567 3805 2886 3872 confectae

593 3888 883 3975 sigillum
955 3911 1175 3955 meum
1248 3890 1537 3974 apposui.
1630 3889 1782 3953 Hiis
1858 3889 1925 3954 Τ.
2045 3890 2364 3974 Magistro
2439 3891 2726 3957 Roberto
2803 3893 2885 3958 de

654 4062 676 4096 ¹
708 4062 767 4115 It
810 4062 923 4114 will
964 4061 1033 4114 be
1077 4061 1336 4113 observed
1379 4061 1505 4112 that
1550 4061 1679 4126 only
1791 4061 2024 4112 unusual
2077 4065 2139 4113 to
2191 4062 2360 4128 :peak
2405 4062 2464 4114 of
2521 4067 2561 4091 “
2578 4069 2691 4116 two
2743 4063 2882 4116 half·

590 4129 745 4181 three
776 4128 1205 4188 half-carneam,
1232 4127 1367 4178 with
1400 4126 1557 4179 three
1588 4126 1680 4176 bo-
1791 4131 2066 4178 carucatee
2084 4126 2114 4150 ”
2157 4127 2368 4179 instead
2412 4127 2470 4180 of
2524 4131 2564 4157 ‘⁴
2587 4145 2690 4181 one
2733 4147 2882 4182 caru·

592 4199 765 4258 vates,
790 4194 849 4245 in
880 4194 971 4256 all,
998 4209 1089 4245 are
1119 4192 1389 4260 specified‚
1418 4209 1479 4242 or
1510 4208 1678 4243 some-
1792 4191 1966 4242 eate.''
2031 4193 2089 4243 It
2121 4193 2169 4244 is
2198 4193 2418 4244 evident
2437 4195 2576 4244 from
2599 4194 2696 4246 the
2715 4195 2884 4248 latter

594 4261 750 4327 thing
777 4260 932 4312 short
964 4259 1021 4310 of
1054 4277 1086 4310 a
1118 4259 1257 4310 total
1295 4257 1353 4308 of
1384 4263 1495 4309 two
1528 4273 1677 4309 earu-
1791 4261 1917 4323 part
1951 4257 2009 4308 of
2029 4257 2126 4309 the
2148 4258 2433 4310 document
2453 4259 2579 4310 that
2602 4261 2700 4312 the
2715 4277 2880 4328 qnan-

593 4331 753 4380 cates.
848 4325 903 4376 Is
960 4323 1338 4376 “camum”
1382 4323 1559 4390 might
1613 4321 1679 4373 be
1791 4323 1902 4388 tity
1947 4323 2204 4375 intended
2249 4323 2420 4390 really
2457 4324 2504 4375 is
2543 4326 2700 4378 three
2733 4343 2878 4379 caru·

592 4393 721 4444 read
743 4391 952 4443 instead
969 4390 1026 4442 of
1052 4393 1088 4417 ‘⁸
1105 4388 1384 4450 bovatas.”
1402 4388 1496 4439 the
1512 4404 1680 4454 quan·
1791 4393 1954 4441 cates.
2048 4389 2260 4441 Almost
2292 4390 2571 4456 certainly,
2610 4392 2875 4454 however,

592 4458 701 4524 tity
719 4473 745 4508 s
784 4455 967 4508 ecified
986 4455 1163 4507 would
1186 4455 1253 4506 be
1286 4453 1444 4505 made
1465 4470 1558 4520 up,
1583 4453 1678 4505 the
1789 4469 1874 4508 we
1895 4471 1964 4505 ou
2000 4454 2066 4506 ht
2085 4459 2144 4507 to
2165 4454 2292 4507 read
2321 4459 2356 4482 “
2371 4461 2664 4509 carucatas.
2675 4455 2706 4482 '⁹

595 4540 695 4576 one
720 4539 753 4577 o
788 4522 988 4590 jection
1005 4526 1065 4573 to
1088 4521 1213 4573 that
1233 4520 1394 4586 being
1415 4519 1539 4572 that
1563 4519 1610 4570 it
1631 4519 1678 4572 is
1855 4518 1878 4550 ²
1909 4521 1962 4570 A
2021 4520 2150 4572 lank
2171 4521 2218 4573 in
2240 4519 2341 4572 left
2359 4520 2502 4572 here.
