3075 5009
543 375 667 432 424
1198 383 1673 432 GARTULARIUM
1705 383 2166 436 RIEVALLENSE.

540 543 799 604 Christo.
849 589 862 602 .
910 589 921 603 .
972 589 985 604 .
1030 543 1258 603 Abbati
1302 549 1369 603 et
1404 540 1750 603 conventui
1780 541 1857 603 de
1896 542 2170 604 Rievalle
2209 542 2290 604 de
2330 564 2460 606 uno
2510 547 2860 627 mesuagio.

538 631 677 686 octo
717 623 909 699 tostis,
940 644 1063 685 una
1094 623 1379 699 bercaria,
1409 630 1476 684 et
1514 623 1974 704 quatuordecim
2016 625 2253 686 bovatis
2296 633 2480 687 terne
2529 648 2688 689 cum
2733 649 2864 708 per-

538 705 834 781 tinenciis,
880 706 944 766 in
986 705 1046 767 N
1048 725 1256 767 eusom
1302 725 1487 786 super
1524 705 1695 780 Tese,
1739 705 1804 766 in
1845 705 2214 786 Episcopatu
2253 707 2576 784 Dunelm.,
2635 711 2710 770 in
2763 730 2862 771 ex-

538 788 839 850 cambium
879 807 991 868 pro
1038 787 1233 850 tribus
1282 787 1622 868 mesuagiis,
1667 807 1792 848 una
1837 787 2076 862 bovata,
2109 797 2172 848 et
2219 789 2648 870 quadraginta.
2701 794 2859 852 acris
3002 777 3003 866 l

538 877 732 944 terrae,
778 869 1031 950 triginta
1069 870 1221 930 acris
1264 869 1442 949 prati,
1474 869 1535 928 vi
1581 869 1694 928 ’nti
1737 877 1801 930 et
1841 887 1964 931 una
2003 871 2156 930 acris
2197 870 2378 945 bosci,
2411 892 2564 933 cum
2607 875 2858 952 pertin·
3002 869 3003 916 ἶ

536 952 739 1026 euciis,
790 951 855 1011 in
904 949 1202 1030 Bellerby,
1246 950 1443 1012 eidem
1557 951 1762 1011 enrico
1809 971 1922 1030 per
1972 950 2169 1012 dictos
2215 952 2526 1014 Abbatem
2574 963 2646 1015 et
2695 956 2854 1016 Con·

536 1041 787 1094 ventum
828 1033 893 1092 in
935 1033 1115 1093 feodo
1154 1031 1373 1093 dandis
1414 1038 1478 1092 et
1518 1032 1934 1105 concedendiS,
1966 1041 2130 1094 ratas
2157 1032 2451 1095 habentes
2492 1044 2568 1096 et
2609 1045 2850 1116 gratas7

534 1135 635 1176 eas
662 1134 773 1193 pro
800 1114 977 1175 nobis
1004 1122 1069 1176 et
1088 1113 1431 1176 haeredibus
1458 1113 1702 1188 nostris,
1726 1122 2024 1193 quantum
2051 1115 2116 1175 in
2143 1115 2318 1177 nobis
2347 1124 2457 1190 est,
2489 1125 2752 1179 statuto
2773 1120 2850 1178 dc

532 1197 711 1256 terris
748 1203 812 1256 et
852 1195 1217 1257 tenementis
1258 1195 1334 1256 ad
1364 1214 1612 1256 manum
1637 1203 1943 1256 mortuam
1985 1217 2108 1257 non
2147 1197 2446 1276 ponendis
2487 1199 2670 1260 edito
2717 1221 2846 1261 non

532 1278 828 1351 obstante,
887 1277 1268 1339 concedimus
1324 1284 1388 1338 et
1434 1277 1858 1338 confirmamus
1902 1277 2060 1339 sicut
2113 1278 2405 1358 scriptum
2462 1279 2846 1358 praedictum

531 1357 973 1420 rationabiliter
998 1366 1279 1420 testatur.
1350 1358 1426 1419 In
1453 1359 1646 1438 cujus,
1678 1365 1790 1420 etc.
1862 1357 2044 1421 Teste
2071 1357 2256 1440 Rege.
2341 1360 2534 1440 Apud
2565 1361 2840 1425 &vestm

534 1462 573 1500 x
604 1440 704 1501 die
733 1441 959 1502 Martii.
1047 1440 1167 1501 Per
1192 1442 1375 1501 finem
1402 1439 1624 1520 viginti
1653 1438 2000 1502 solidorum.

872 1602 1181 1685 [Extracts
1210 1603 1369 1664 from
1391 1602 1822 1682 Archbishops’
1845 1602 2156 1683 Registers
2187 1611 2254 1664 at
2271 1604 2492 1687 York.]

615 1725 746 1785 104.
790 1721 1214 1806 [Wickwaine,
1246 1723 1417 1796 lxxv,
1442 1720 2154 1866 [1279Jg—Willelmus,
2183 1769 2204 1786 .
2234 1770 2251 1785 .
2283 1769 2300 1786 .
2331 1723 2554 1785 dilecto
2587 1731 2654 1785 et
2679 1745 2837 1804 prae-

529 1804 777 1866 cordiali
819 1804 933 1866 sibi
975 1805 1039 1865 in
1090 1804 1338 1866 Christo
1383 1805 1614 1866 Jacobo
1713 1805 2000 1882 ummin0,
2053 1803 2360 1867 Canonieo
2409 1804 2830 1884 Cycestrensi,

530 1886 903 1966 procuratori
944 1886 1226 1966 Magistri
1260 1886 1304 1947 J
1308 1886 1565 1947 ohannis
1593 1885 1670 1946 de
1701 1885 2078 1962 Oamessane,
2109 1887 2386 1948 Rectoris
2414 1886 2708 1950 Ecclesiae
2753 1889 2832 1950 de

528 1968 819 2047 Apeltun‚
863 1967 1119 2028 salutem
1160 1988 1297 2029 cum
1338 1968 1664 2029 dilectione
1707 1987 1944 2048 semper
1983 1968 2231 2030 sincera.
2319 1967 2617 2031 Volentes
2656 1973 2854 2050 quod'

528 2051 687 2112 bona
727 2049 1057 2130 supradicti
1100 2048 1331 2110 domini
1374 2049 1466 2110 tui
1513 2059 1854 2129 augeantur
1902 2051 2250 2131 prosperius
2299 2058 2362 2111 et
2409 2064 2824 2128 concrescant,

528 2131 640 2194 tibi
667 2131 1025 2193 mandamus
1051 2133 1339 2211 quatinus
1381 2131 1587 2192 omnia
1611 2131 1953 2211 spiritualia
1979 2139 2043 2193 et
2083 2131 2438 2212 temporalia
2479 2135 2828 2213 spectantia

526 2213 603 2274 ad
632 2213 891 2276 eundem
929 2211 1245 2274 dominum
1285 2222 1461 2274 tuum
1489 2213 1554 2272 in
1596 2213 1849 2291 praefata
1873 2213 2142 2275 Ecclesia
2168 2214 2233 2274 in
2273 2235 2480 2276 curam
2516 2222 2581 2276 et
2623 2229 2826 2278 custo-

526 2293 689 2357 diam
716 2303 885 2356 tuam
914 2294 1174 2357 fideliter
1217 2300 1280 2355 et
1307 2295 1542 2374 integre
1571 2314 1924 2371 reassumas,
1953 2314 2078 2356 non
2120 2295 2402 2357 obstante
2429 2295 2638 2376 aliqua
2679 2319 2824 2360 con-

526 2377 884 2439 tradictione
926 2377 1129 2450 firmae,
1162 2376 1546 2456 obligatione,
1579 2377 1979 2438 conventione
2016 2397 2124 2438 seu
2163 2385 2480 2440 contractu
2508 2379 2822 2441 Abbatem

526 2467 589 2519 et
616 2459 944 2520 monachos
970 2458 1047 2519 de
1076 2457 1369 2538 Ryevalle
1399 2458 1910 2538 contingentibus.
1988 2457 2286 2522 Volumus
2327 2459 2516 2521 etiam
2545 2461 2714 2540 quod
2741 2462 2820 2523 de

526 2538 811 2623 [illeqible]
861 2539 1156 2601 hactenus
1204 2546 1581 2618 sequestrata
1619 2539 1806 2601 iidem
1856 2549 1919 2600 et
1959 2541 2242 2602 monachi
2281 2541 2396 2601 tibi
2437 2543 2820 2604 satisfaciant

524 2630 586 2684 et
615 2621 1023 2701 respondeant
1048 2621 1340 2702 requisiti.
1426 2621 1511 2682 Et
1536 2621 1651 2683 hoc
1685 2621 1912 2683 eisdem
1939 2628 2151 2684 tenore
2189 2623 2584 2701 praesentium
2609 2626 2819 2686 nunti-

525 2725 710 2765 amus.
796 2703 967 2765 Vale.
1052 2703 1191 2764 Dat.
1240 2701 1401 2783 apud
1445 2703 1805 2777 Northwell,
1837 2704 1898 2764 vi
1930 2703 2070 2766 Kal.
2100 2704 2381 2784 Augusti,
2415 2705 2818 2768 Pontificatus

525 2785 715 2847 nostri
745 2787 831 2845 Αο
859 2785 1069 2865 primo,

612 2951 741 3010 105.
776 2947 1152 3031 [Corbridge,
1172 2948 1213 3009 f.
1236 2948 1407 3008 xxiii.
1465 2945 2138 3030 1300].]—Uommissio
2160 2948 2322 3009 facta
2341 2948 2546 3010 Fratri
2563 2949 2814 3026 Jacobo,

524 3030 779 3094 Custodi
808 3029 1088 3092 Ecclesiae
1131 3029 1208 3092 de
1249 3029 1406 3092 Skar
1491 3030 1739 3110 ourghe,
1786 3030 1864 3090 ad
1905 3029 2343 3092 absolvendum
2383 3031 2698 3094 Abbatem
2740 3035 2814 3095 de

522 3111 855 3194 Ripeualle,
907 3119 972 3173 et
1010 3111 1090 3172 ad
1146 3111 1622 3190 dispensandum
1677 3130 1817 3172 cum
1872 3111 2086 3174 eodem
2133 3131 2316 3191 super
2363 3114 2813 3178 contributione

524 3194 684 3255 facta
710 3194 865 3274 Regi
893 3203 1103 3255 contra
1130 3213 1352 3254 novam
1380 3193 1875 3254 constitutionem
1905 3193 2158 3254 Domini
2185 3193 2384 3274 Papae.

604 3275 866 3336 Thomas
908 3284 1041 3348 etc„
1093 3275 1315 3336 dilecto
1358 3274 1423 3334 in
1474 3273 1718 3335 Christo
1767 3274 1908 3349 filio,
1956 3275 2160 3336 Fratri
2209 3275 2253 3335 J
2255 3277 2460 3350 acob0,
2507 3276 2810 3340 Monacho

522 3356 880 3419 Monasterii
924 3357 1215 3431 cistercii,
1262 3355 1518 3418 Custodi
1559 3355 1840 3417 Ecclesiae
1889 3356 1966 3418 de
2015 3355 2503 3437 Skardbourghe,
2557 3358 2808 3422 Cisterc.

522 3439 785 3514 Ordinis,
818 3448 1039 3500 nostrae
1074 3438 1395 3512 dioceseos,
1427 3437 1702 3513 salutem,
1749 3486 1762 3498 .
1809 3485 1822 3498 .
1871 3485 1883 3498 .
1927 3437 2165 3499 Littera
2189 3438 2573 3501 Venerabilis
2611 3441 2812 3504 Patris

522 3529 653 3596 etc„
685 3521 1033 3582 Venerabili
1073 3521 1137 3582 in
1180 3519 1425 3581 Christo
1468 3519 1656 3594 Patri,
1701 3519 1776 3580 D.
1815 3520 1922 3580 Gr.
1966 3519 2436 3601 Archiepiscopo
2477 3521 2687 3598 Ebor.,
2715 3525 2811 3586 vel

520 3603 653 3682 ejus
681 3602 922 3664 Vicat-io
955 3603 1019 3662 in
1062 3600 1508 3682 spiritualibus,
1540 3601 1757 3662 Frater
1782 3600 2103 3677 Mathaeus,
2147 3603 2534 3665 miseratione
2562 3605 2806 3679 Divina,

520 3685 872 3747 Portuensis
893 3693 955 3744 et
977 3683 1184 3745 Sancti
1212 3683 1438 3744 Ruffini
1465 3682 1817 3763 EpiscopuS,
1841 3683 2099 3744 salutem
2129 3691 2240 3744 etc.
2311 3683 2610 3747 Exhibita
2637 3688 2809 3749 nobis

520 3789 597 3829 ex
639 3774 811 3847 parte
837 3766 1098 3827 Abbatis
1140 3764 1496 3830 Monasterii
1533 3763 1612 3826 de
1639 3764 1972 3844 Ripeualle,
2015 3812 2030 3826 .
2079 3813 2092 3826 .
2139 3813 2152 3825 .
2200 3766 2418 3845 petitio
2459 3767 2808 3831 continebat

519 3848 680 3929 quod
724 3849 853 3927 ipse
895 3846 1056 3923 olim,
1086 3866 1209 3908 non
1239 3846 1598 3922 voluntarie,
1630 3854 1723 3908 set
1751 3846 1812 3906 vi
1848 3855 1913 3909 et
1953 3855 2139 3922 metu,
2169 3847 2276 3927 qui
2310 3847 2524 3910 cadere
2565 3858 2807 3929 poterat

520 3930 583 3992 in
622 3937 1018 4003 constantem,
1062 3929 1297 3990 nunciis
1339 3927 1696 3990 valitoribus
1739 3948 1845 3989 seu
1889 3927 2312 3992 collectoribus
2339 3929 2526 4011 Regis
2565 3931 2804 4013 Angliae,

518 4012 717 4074 tallias
756 4018 821 4073 et
860 4009 1156 4086 collectas,
1188 4031 1292 4072 seu
1333 4010 1481 4071 alias
1522 4010 1974 4085 subventiones,
2009 4011 2316 4091 persolvit,
2350 4019 2601 4092 propter
2641 4013 2800 4094 quod

517 4093 1153 4156 excommunicationis
1193 4093 1450 4154 incurrit
1490 4092 1856 4154 sententiam
1893 4092 1960 4154 in
1985 4091 2140 4154 tales
2167 4112 2277 4174 per
2303 4094 2800 4157 constitutionem

516 4197 738 4239 novam
777 4175 1028 4238 Domini
1069 4175 1252 4255 Papae
1291 4174 1657 4256 generaliter
1701 4174 2184 4255 promulgatam5
2231 4183 2296 4237 et
2343 4175 2502 4238 sicut
2548 4176 2798 4258 legatus,

516 4279 638 4322 non
686 4260 751 4320 in
792 4265 1210 4337 contemptum
1250 4257 1477 4318 clarum
1526 4265 1622 4318 set
1669 4276 1780 4336 per
1827 4255 2232 4337 simplicitatis
2283 4277 2565 4332 errorem,
2595 4259 2796 4320 divina

514 4341 843 4405 celebravit
862 4341 1071 4415 officia,
1096 4347 1161 4401 et
1180 4339 1328 4401 alias
1350 4359 1413 4400 se
1440 4339 1696 4418 ingessit
1715 4338 1961 4414 eisdem,
1987 4359 2169 4419 super
2193 4340 2418 4418 quibus
2437 4341 2586 4402 fecit
2610 4341 2798 4402 humi-

512 4423 654 4491 liter
695 4423 1020 4505 supplicari
1062 4422 1176 4484 sibi
1220 4441 1327 4502 per
1369 4421 1590 4486 Sedem
1637 4421 2051 4501 Apostolicam
2096 4421 2566 4484 misericorditer
2607 4423 2796 4504 provi·
