3075 5009
600 469 723 528 418
1272 477 1748 527 cmi-unaarum
1779 479 2241 529 RIEVALLENSE.

598 664 631 702 a
690 649 963 720 tempore
1033 639 1425 700 confectionis
1502 645 1686 700 cartae
1751 639 2054 719 praedictae
2125 641 2435 720 hucusque
2507 643 2714 721 quieti
2783 644 2898 703 fue-

602 731 763 798 runt,
794 724 859 783 in
888 723 1170 783 maneriis
1198 720 1520 801 praedictis,
1552 720 1630 781 de
1659 720 2112 801 expeditatione
2146 743 2382 798 canum,
2413 731 2480 784 et
2508 724 2592 785 (16
2621 725 2896 785 omnibus

600 804 733 866 aliis
776 803 977 866 assisis
1031 804 1271 865 forestae
1326 801 1630 882 praedictae
1651 823 1668 877 3
1724 812 1786 863 et
1839 802 1956 863 hoc
2011 813 2384 884 praeparatus
2437 812 2538 866 est
2585 806 2894 867 verificare

603 907 711 966 per
764 885 1073 946 ministros
1142 883 1417 963 ejusdem
1486 884 1746 945 forestae.
1858 883 2010 945 Ideo
2077 886 2422 966 inquiratur
2489 889 2728 948 veritas
2795 909 2897 966 per

601 967 845 1028 eosdem
894 976 1007 1028 etc.
1094 966 1233 1040 Qui,
1263 965 1407 1040 scil„
1438 965 1759 1040 forestarii,
1791 965 2064 1028 viridarii
2097 975 2160 1028 et
2198 968 2650 1047 regardatoreS‚
2681 969 2760 1030 ad
2789 970 2894 1029 hoc

604 1049 840 1110 onerati
858 1057 921 1109 et
935 1048 1144 1127 jurati,
1170 1047 1384 1108 dicunt
1405 1067 1587 1127 super
1627 1055 2072 1109 sacramentum
2113 1069 2291 1110 suum
2331 1049 2500 1128 quod
2541 1072 2582 1111 a
2623 1061 2892 1130 tempore

602 1152 725 1210 quo
751 1151 875 1191 non
905 1137 1079 1192 extat
1106 1129 1397 1190 memoria
1422 1149 1661 1207 semper
1687 1137 2122 1208 praesentatum
2149 1131 2270 1191 fuit
2295 1132 2373 1191 ad
2413 1131 2892 1194 attachiamenta

602 1213 777 1274 istius
804 1213 1046 1272 forestae
1075 1211 1151 1271 de
1179 1212 1426 1272 canibus
1448 1210 1722 1290 praedicti
1749 1212 2010 1273 Abbatis
2029 1220 2094 1272 et
2113 1213 2626 1292 praedeeessorum
2649 1234 2890 1275 suorum

602 1295 678 1355 de
700 1293 983 1355 maneriis
1012 1294 1135 1354 suis
1162 1291 1263 1352 del
1290 1291 1567 1371 Marreys
1594 1311 1720 1352 non
1761 1293 2145 1373 expeditam,
2176 1302 2240 1354 et
2266 1295 2600 1374 aliquando
2629 1297 2892 1356 ministri

604 1375 879 1454 ejusdem
908 1375 1149 1435 forestae
1192 1382 1576 1434 accesserunt
1614 1373 1842 1434 ibidem
1883 1375 1962 1434 ad
2007 1396 2182 1435 canes
2223 1375 2548 1456 praedictos
2576 1378 2893 1445 videndos,

604 1467 699 1517 set
726 1457 888 1518 idem
918 1457 1126 1517 Abbas
1154 1476 1264 1516 nec
1292 1455 1511 1534 aliquis
1540 1455 2050 1534 praedeeessorum
2077 1477 2326 1518 suorum
2354 1477 2634 1538 unquam
2664 1459 2892 1538 aliquid

605 1539 933 1612 solverunt,
968 1558 1077 1598 seu
1104 1539 1287 1598 finem
1315 1538 1593 1598 fecerunt
1633 1557 1770 1597 eum
1799 1538 1903 1612 eiS‚
1934 1557 2044 1616 pro
2073 1539 2221 1618 ipsis
2248 1559 2373 1599 non
2401 1540 2806 1618 expeditatis,
2837 1553 2894 1601 et

603 1621 745 1680 lieet
784 1620 947 1680 idem
975 1619 1183 1680 Abbas
1222 1619 1321 1679 vel
1363 1618 1832 1698 praedecessores
1871 1621 1966 1679 sui
2007 1621 2313 1681 amerciati
2354 1622 2621 1683 fuissent
2663 1622 2782 1684 hac
2823 1624 2894 1684 de

606 1721 799 1776 causa,
833 1709 1039 1762 tamen
1068 1699 1396 1781 aliquando
1438 1720 1548 1778 per
1573 1699 1836 1764 donum1
1867 1720 2046 1762 suum
2075 1703 2330 1763 Custodi
2357 1702 2582 1777 castri,
2615 1704 2724 1764 vel
2767 1706 2896 1784 ejus

605 1783 805 1844 locum
846 1782 1099 1856 tenenti,
1151 1782 1257 1860 qui
1298 1801 1409 1860 pro
1452 1790 1726 1861 tempore
1773 1781 1980 1855 fuerit,
2026 1783 2260 1857 datum,
2303 1791 2368 1846 et
2409 1785 2754 1864 aliquando
2796 1808 2898 1866 per

603 1866 876 1925 favorem
944 1864 1291 1936 eorundem,
1350 1863 1536 1923 nichil
1595 1863 1924 1924 solverunt.
2040 1865 2189 1926 Ideo
2251 1865 2484 1927 dictum
2541 1875 2640 1928 est
2701 1869 2894 1930 eidem

604 1947 832 2008 Abbati
860 1945 1024 2024 quod
1052 1953 1337 2025 expectet
1364 1945 1507 2006 inde
1530 1945 1830 2022 judicium
1856 1964 2034 2005 suum
2063 1947 2162 2007 hie
2189 1946 2288 2008 die
2315 1947 2509 2008 Lunae
2539 1950 2894 2026 proximum

602 2037 743 2106 post
768 2047 1037 2088 mensem
1067 2027 1313 2087 Paschae
1340 2035 1451 2087 etc.
1542 2026 1642 2085 Ad
1663 2046 1848 2105 quem
1875 2027 2058 2102 diem,
2081 2027 2244 2108 apud
2270 2028 2662 2110 Pykerynga
2696 2053 2898 2092 coram

604 2110 873 2188 praefatis
915 2108 1176 2169 Ricardo
1218 2107 1295 2170 de
1336 2107 1696 2186 Wylughby
1737 2117 1801 2169 et
1839 2108 1883 2169 J
1886 2109 2123 2170 ohanne
2165 2110 2241 2170 de
2283 2110 2683 2172 Shardelowe
2729 2117 2894 2174 venit

606 2191 930 2270 praedictus
956 2190 1164 2251 Abbas
1208 2211 1316 2270 per
1354 2197 1734 2250 attornatum
1776 2210 1970 2264 suum,
2003 2201 2067 2252 et
2106 2211 2287 2270 super
2325 2191 2440 2253 hoc
2469 2193 2658 2254 datus
2689 2203 2790 2256 est
2815 2197 2898 2256 eis

602 2273 732 2333 dies
760 2273 875 2346 hic,
908 2272 1007 2332 die
1034 2272 1077 2332 J
1081 2271 1211 2332 ovis
1240 2271 1586 2351 proximum
1616 2279 1754 2351 post
1783 2271 2045 2333 Octabas
2073 2273 2524 2334 Purificationis
2551 2275 2624 2336 B.
2659 2276 2893 2348 Marias,

603 2355 679 2414 de
706 2354 934 2433 judicio
962 2373 1071 2414 suo
1099 2353 1243 2414 inde
1272 2353 1575 2414 audiendo
1603 2363 1715 2414 etc.
1802 2354 1905 2414 Ad
1927 2374 2110 2432 quem
2137 2355 2316 2431 diem,
2339 2356 2504 2435 apud
2533 2357 2896 2438 Pykeryng,

604 2456 806 2496 coram
834 2436 1127 2514 praedicto
1154 2434 1198 2495 J
1200 2435 1441 2496 ohanne
1468 2434 1548 2496 (16
1577 2435 1898 2514 Hambury
1925 2436 2096 2496 venit
2123 2436 2422 2499 Ricardus
2450 2438 2530 2499 de
2559 2439 2626 2499 la
2653 2439 2812 2502 Pole
2837 2452 2892 2500 et

602 2517 861 2595 protulit
908 2517 1090 2578 breve
1136 2516 1383 2577 Domini
1430 2517 1615 2596 Regis
1663 2525 1898 2595 patenS‚
1948 2517 2112 2598 quod
2162 2518 2304 2579 alibi
2356 2519 2746 2597 irrotulatur,
2793 2543 2896 2601 per

604 2599 768 2676 quod
795 2599 977 2660 breve
1007 2599 1304 2658 Dominus
1333 2598 1471 2658 Rex
1503 2599 1822 2659 constituit
1863 2598 2062 2678 ipsum
2091 2599 2422 2660 Ricardum
2447 2601 2586 2662 loeo
2615 2603 2892 2680 praedicti

603 2679 643 2740 -J
649 2681 903 2741 ohannis
932 2680 1009 2741 (16
1038 2680 1424 2741 Shardelowe
1451 2679 1532 2739 ad
1559 2680 1984 2741 Itinerandum
2011 2681 2072 2741 in
2104 2681 2332 2742 foresta
2358 2682 2492 2758 ista,
2524 2684 2716 2745 simul
2761 2707 2892 2746 cum

604 2761 735 2822 aliis
764 2762 807 2822 J
809 2761 1133 2822 usticiariis
1162 2762 1415 2835 duobuS,
1441 2759 1539 2822 vel
1569 2782 1689 2822 uno
1718 2781 1938 2823 eorum.
2029 2763 2354 2824 Mandavit
2373 2764 2561 2825 etiam
2584 2766 2892 2828 Dominus

606 2844 739 2904 Rex
768 2843 1075 2922 quoddam
1112 2844 1293 2905 breve
1337 2843 1606 2904 clausum
1649 2843 1916 2921 praefatis
1953 2843 2322 2907 Justiciariis
2349 2845 2612 2922 duobus,
2647 2849 2752 2909 vel
2787 2849 2890 2909 11111

606 2945 829 2999 eorum,
888 2926 967 2986 de
1029 2925 1160 3004 ipso
1216 2925 1476 2986 Ricardo
1532 2924 1608 2984 de
1663 2923 1725 2984 la
1777 2925 1926 2987 Pole
1981 2926 2045 2986 in
2109 2928 2356 3002 socium,
2414 2926 2549 2989 loco
2613 2930 2892 3010 praedicti

605 3007 905 3068 ‚Iohannis
946 3007 1024 3068 de
1065 3006 1469 3081 Shardelowe‚
1514 3005 1982 3083 admittendum,
2028 3007 2192 3088 quod
2234 3009 2517 3070 similiter
2557 3011 2708 3072 alibi
2753 3013 2894 3073 irro-

604 3089 871 3149 tulatur:
924 3088 1152 3149 virtute
1207 3089 1383 3168 cujus
1436 3088 1639 3148 brevis
1707 3088 2030 3167 praedictus
2077 3090 2393 3151 «Iohannes
2441 3091 2518 3151 de
2565 3092 2890 3170 Hambury

606 3170 883 3230 admissit
922 3170 1279 3250 praedictum
1320 3169 1652 3230 Ricardum
1679 3168 1756 3230 de
1796 3168 1858 3230 la
1899 3171 2064 3244 Pole,
2106 3171 2238 3232 loco
2281 3172 2558 3252 praedicti
2583 3173 2633 3233 J
2633 3175 2892 3237 ohannis

606 3251 684 3312 de
728 3251 1132 3326 Shardelowe,
1162 3252 1229 3311 in
1258 3253 1501 3326 socium,
1536 3251 1616 3312 ad
1659 3252 1972 3331 praemissa
2018 3253 2364 3314 faciendum
2413 3262 2523 3316 ete.
2617 3255 2706 3316 Et
2749 3277 2892 3336 prae·

605 3333 803 3394 dictus
831 3334 1041 3394 Abbas
1069 3335 1240 3394 venit
1268 3353 1376 3412 per
1402 3341 1782 3395 attornatum
1823 3354 2030 3394 suam:
2072 3333 2156 3395 Et
2182 3334 2364 3396 datus
2391 3345 2486 3398 est
2513 3337 2572 3396 ei
2615 3337 2752 3400 dies
2796 3339 2888 3398 hic

604 3424 737 3488 etc„
784 3415 883 3476 die
911 3415 1199 3476 Mercurii
1242 3415 1590 3494 proximum
1632 3423 1772 3494 post
1809 3415 2036 3476 festum
2075 3417 2464 3479 Ascensionis
2491 3417 2770 3494 Domini,
2815 3421 2888 3480 dc

604 3497 833 3575 judicio
876 3517 982 3558 suo
1026 3499 1089 3557 in
1134 3497 1243 3556 hac
1288 3504 1458 3574 parte
1486 3496 1810 3557 audiendo.
1895 3497 1995 3557 Ad
2025 3517 2208 3576 quem
2250 3499 2414 3560 diem
2455 3498 2705 3579 loquela
2745 3523 2886 3580 pra*-

604 3578 768 3640 dicta
794 3579 1087 3640 remansit
1112 3580 1243 3638 sine
1272 3578 1373 3639 die
1412 3599 1522 3658 per
1550 3577 1888 3639 absentiam
1929 3579 1971 3638 J
1975 3579 2420 3641 usticiariorum
2461 3589 2576 3642 etc.
2667 3583 2890 3644 Postea

606 3660 903 3721 Dominus
931 3661 1067 3721 Rex
1094 3659 1412 3720 mandavit
1438 3660 1691 3738 praefato
1713 3659 1975 3721 Ricardo
1996 3660 2074 3721 de
2101 3659 2294 3739 Wylu
2335 3661 2482 3740 hby,
2505 3664 2786 3726 Roberto
2813 3665 2886 3725 de

608 3742 1019 3822 Hungerford,
1052 3742 1334 3802 Johanne
1377 3741 1453 3803 de
1496 3741 1834 3821 Hambury‚
1881 3750 1944 3802 et
1985 3742 2246 3804 Ricardo
2288 3683 2365 3804 (16
2407 3744 2468 3805 la
2505 3744 2660 3807 Pole
2705 3747 2886 3808 breve

604 3843 782 3884 suum
824 3824 901 3884 de
936 3824 1163 3884 Itinere
1204 3823 1495 3903 praedicto
1535 3823 1912 3898 resumendO,
1945 3824 2112 3902 quod
2140 3825 2390 3905 quidem
2431 3828 2618 3889 breve
2645 3827 2798 3888 alibi
2824 3828 2886 3888 in

603 3905 721 3965 isto
766 3905 994 3966 Itinere
1038 3905 1398 3966 irrotulatur
1423 3928 1438 3965 ε
1494 3904 1594 3965 Ita
1637 3905 1804 3983 quod
1852 3905 2076 3984 placita
2125 3915 2188 3966 et
2241 3927 2558 3985 processus
2607 3909 2888 3988 ejusdem

601 3987 849 4048 Itineris
877 3987 1161 4048 inchoata
1186 3994 1251 4047 et
1278 4007 1401 4048 non
1430 3986 1701 4047 discussa
1729 3993 1932 4047 essent
1958 3986 2058 4047 hic
2083 3988 2164 4048 ad
2195 3988 2357 4050 hunc
2385 3990 2548 4052 diem
2577 3999 2712 4064 etc.,
2739 3991 2888 4055 scil..

601 4067 702 4130 die
728 4069 917 4130 Lunae
946 4069 1294 4148 proximum
1320 4077 1461 4148 post
1487 4068 1714 4130 festum
1745 4069 1801 4129 S.
1835 4069 2098 4130 Andreae
2124 4069 2426 4149 Apostoli,
2457 4073 2542 4133 A⁰
2561 4093 2608 4133 r.
2633 4071 2888 4134 Domini

604 4150 786 4232 Regis
841 4171 1003 4212 nunc
1051 4151 1301 4226 decimo,
1360 4151 1426 4211 in
1475 4150 1690 4211 eodem
1738 4157 1907 4211 statu
1954 4170 2076 4230 quo
2132 4152 2384 4213 fuerunt
2437 4155 2732 4233 praedicto
2785 4155 2888 4216 die

603 4233 890 4294 Mercurii
908 4233 1185 4312 proximo
1204 4241 1341 4312 post
1356 4232 1584 4293 festum
1600 4231 1987 4293 Ascensionis
2005 4232 2256 4294 Domini
2277 4236 2626 4313 proximum
2643 4245 2888 4317 praeter-

604 4314 776 4390 itum,
808 4315 972 4396 apud
1006 4315 1354 4394 Pykeryng‚
1387 4334 1507 4393 quo
1538 4313 1638 4374 die
1666 4323 2091 4374 remanserunt
2117 4316 2248 4376 sine
2277 4317 2376 4378 die
2407 4337 2517 4396 per
2543 4319 2886 4380 absentiam

599 4397 642 4457 J
644 4398 1089 4458 usticiariorum
1119 4397 1564 4477 praedictorum,
1596 4395 1742 4458 alibi
1785 4397 1863 4458 de
1905 4396 2195 4459 mandato
2223 4398 2473 4460 Domini
2505 4401 2690 4482 Regis
2731 4403 2886 4462 exis-

1224 4503 1243 4536 ²
1279 4503 1307 4555 1
1330 4503 1489 4554 think
1512 4501 1625 4554 this
1647 4502 1694 4554 is
1719 4504 1812 4554 the
1833 4504 1980 4570 right
2004 4504 2240 4573 reading.
