3075 5009
1249 480 1600 529 APPENmX.
2449 469 2577 531 375

289 636 551 713 diaconi,
601 636 1010 718 appellaturos
1077 638 1370 719 quosdam
1425 638 1491 698 in
1546 636 1742 699 causis
1795 636 1921 699 suis
1988 638 2361 717 existimant,
2410 639 2580 701 nulla

291 720 538 799 penitus
564 718 982 781 admonitione
1008 720 1332 799 praemissa,
1364 718 1776 799 suspensionis
1808 739 1913 781 seu
1941 721 2579 782 excommunicationis

289 800 357 862 in
384 820 486 861 eos
513 801 880 863 sententiam
907 801 1154 863 feriunt.
1238 800 1366 861 Alii
1386 801 1573 862 etiam
1602 798 1791 883 [cum]
1821 799 1897 861 de
1925 802 2250 882 superioris
2276 804 2581 864 sententia

290 888 355 944 et
370 881 692 961 disciplina
707 882 993 943 canonica
1005 882 1424 955 reformidant,
1443 882 1585 943 sine.
1594 881 1719 943 ullo
1738 884 2089 963 gravamine
2110 883 2577 963 appellationem

290 962 606 1043 objiciunt,
629 971 692 1025 et
709 963 778 1024 in
798 962 1212 1025 defensionem
1238 962 1581 1042 iniquitatis
1607 971 1905 1044 usurpant
1930 963 2094 1043 quod
2123 963 2203 1024 ad
2229 965 2579 1044 praesidium

290 1044 657 1107 innocentiae
703 1044 1040 1106 dinoscitur
1083 1044 1458 1106 institutum.
1570 1043 1880 1120 Quocirca,
1931 1065 2009 1107 ne
2052 1043 2293 1129 [i]idem
2331 1046 2579 1107 Praelati

293 1126 423 1187 sine
451 1146 632 1187 causa
657 1124 902 1188 valeant
928 1145 1179 1207 gravare
1207 1125 1502 1200 subditos,
1533 1126 1634 1187 vel
1661 1126 1910 1200 subditi,
1939 1146 2051 1208 pro
2086 1126 2215 1188 sola
2238 1127 2579 1203 voluntate,

293 1207 407 1269 sub
434 1208 858 1287 appellationis
879 1208 1136 1269 obtentu
1155 1207 1400 1268 valeant
1425 1207 1857 1269 correctionem
1886 1207 2130 1270 eludere
2156 1206 2573 1284 Praelatorum,

291 1289 580 1369 praesenti
607 1288 850 1351 decreto
891 1289 1216 1351 statuimus
1257 1294 1334 1349 ut
1371 1308 1500 1349 non
1525 1288 1789 1362 Praelati,
1820 1289 1941 1350 nisi
1980 1291 2269 1352 canonica
2308 1289 2577 1352 admoni-

291 1370 460 1431 tione
516 1370 840 1450 praemissa,
899 1369 1306 1449 suspensionis
1359 1369 1460 1431 vel
1513 1370 2156 1432 excommunicationis
2210 1371 2577 1433 sententiam

290 1450 608 1531 proferant
635 1453 700 1512 in
727 1452 1052 1532 subjectos,
1083 1451 1202 1513 nisi
1229 1449 1370 1511 talis
1397 1450 1586 1511 fuerit
1626 1450 1805 1531 culpa
1840 1471 1974 1530 quae
2001 1452 2168 1532 ipsis,
2196 1472 2417 1533 genere
2445 1472 2573 1527 sue,

291 1533 701 1612 suspensionis
741 1534 841 1595 vel
883 1531 1526 1594 excommunicationis
1574 1531 1863 1595 inducat:
1903 1551 2017 1594 nec
2058 1534 2319 1613 subjecti
2366 1541 2580 1596 contra

291 1612 676 1695 disciplinam
702 1614 1178 1687 ecclesiasticam,
1211 1619 1354 1675 ante
1393 1613 1735 1693 ingressum
1775 1633 1984 1690 causae,
2016 1614 2083 1675 in
2123 1635 2335 1677 vocem
2374 1616 2577 1695 appel·

289 1693 536 1757 lationis
597 1702 1010 1775 perrumpant.
1121 1694 1190 1757 Si
1250 1714 1396 1756 vero
1465 1694 1791 1775 quisquam
1852 1715 1964 1774 pro
2032 1716 2148 1757 sua
2213 1697 2577 1759 necessitate

289 1775 620 1839 crediderit
666 1796 744 1856 ap
788 1776 1116 1851 ellandum,
1148 1782 1500 1855 competens
1528 1776 1587 1837 ei
1626 1775 1705 1838 ad
1754 1776 2239 1856 prosequendam
2277 1778 2577 1839 terminus

287 1858 655 1938 praefigatur,
677 1858 740 1919 in
803 1878 841 1918 a
866 1877 1049 1937 quem
1075 1856 1546 1937 appellationem
1573 1858 1891 1937 prosequi*
1934 1858 2003 1919 Si
2028 1857 2189 1920 forte
2216 1859 2573 1940 neglexerit,

283 1938 476 2001 libere
504 1946 652 2001 tunc
697 1938 1034 2020 Episcopus
1073 1937 1437 2000 auctoritate
1481 1937 1679 2001 feriat.
1767 1938 1835 2000 Si
1875 1945 2081 2001 autem
2116 1940 2183 2002 in
2210 1960 2575 2021 quocunque

285 2018 534 2101 negotio
561 2020 782 2100 aliquis
809 2019 1226 2101 appellaverit,
1249 2026 1314 2095 et
1332 2040 1405 2096 eo
1433 2019 1540 2099 qui
1568 2020 1905 2101 appellatus
1934 2020 2124 2082 fuerit
2142 2024 2444 2097 veniente,
2468 2022 2576 2101 qui

285 2100 702 2181 appellaverit,
734 2102 786 2163 si
813 2101 1023 2164 venire
1060 2100 1416 2182 neglexerit,
1447 2100 1500 2161 si
1539 2102 1855 2181 proprium
1896 2101 2047 2181 quid
2085 2102 2387 2178 habuerit,
2418 2124 2577 2164 com-

283 2190 602 2263 petentem
643 2184 699 2244 ei
739 2182 1361 2262 recompensationem
1401 2181 1592 2243 iaciat
1633 2202 2053 2261 expensarum,
2082 2190 2155 2245 ut
2181 2184 2328 2245 hoc1
2357 2185 2575 2246 saltem

285 2264 506 2327 timore
534 2264 896 2344 perterritus
939 2264 1006 2325 in
1057 2282 1384 2344 gravamen
1431 2263 1683 2326 alterius
1723 2263 1901 2325 facile
1941 2264 2079 2344 quis
2118 2284 2244 2326 non
2285 2265 2567 2345 appellet.

283 2344 598 2425 Praeeipue
646 2365 794 2407 vero
841 2346 906 2406 in
961 2344 1109 2407 locis
1162 2343 1461 2425 religiosis
1515 2344 1631 2405 hoc
1686 2344 2067 2424 praecipimus
2122 2346 2448 2423 observari,
2493 2367 2571 2408 ne

285 2426 568 2488 monachi
609 2427 738 2488 sive
780 2427 1006 2506 quicun
1048 2446 1127 2488 ue
1167 2425 1453 2505 religiosi,
1487 2446 1626 2487 cum
1665 2445 1776 2505 pro
1818 2426 2023 2505 aliquo
2063 2446 2315 2489 excessu
2341 2426 2585 2491 fuerint⁵

285 2506 626 2587 corrigendi
654 2528 857 2569 coram
877 2527 942 2569 re
1123 2506 1138 2520 ⁰
1168 2506 1480 2581 Praelato,²
1507 2514 1585 2568 et.
1601 2505 1869 2587 Capituli
1898 2507 1994 2567 sui
2020 2506 2357 2587 disciplina,
2378 2510 2579 2590 appel-

282 2587 410 2649 lare
421 2596 822 2731 iplraesumant,
856 2596 951 2649 set
977 2586 1292 2650 humiliter
1317 2608 1388 2650 ac
1415 2586 1637 2649 devote
1678 2587 2013 2667 suscipiant
2048 2588 2211 2669 quod
2240 2609 2352 2669 pro
2380 2591 2575 2653 salute

283 2688 397 2731 sua
494 2671 612 2731 erit
638 2671 723 2732 eis
752 2670 1112 2748 injunctum.

368 2834 464 2894 28.
507 2847 745 2894 xxxvl.
791 2830 926 2913 [14]
971 2830 1072 2892 Ita
1111 2829 1496 2911 quorundam
1553 2830 1787 2891 animos
1834 2832 2155 2909 occupavit
2202 2852 2363 2894 saeva
2416 2836 2575 2915 cupi—

283 2910 464 2988 ditas,
486 2920 574 2987 ut,
595 2914 702 2993 qui
718 2912 1064 2995 gloriantur
1083 2912 1328 2974 nomine
1350 2910 1721 2986 Christiano,
1745 2911 2089 2973 Sarracenis
2116 2933 2302 2991 arma,
2323 2914 2573 2992 ferrum,

285 3000 352 3055 et
396 2994 730 3075 lignamina
772 2993 1055 3055 deferant
1100 2993 1428 3073 galearum,
1460 3000 1524 3055 et
1552 3012 1727 3073 pares
1755 2999 1863 3054 aut
1902 2994 2089 3054 etiam
2129 2997 2467 3075 superiores
2510 2998 2575 3058 in

286 3074 524 3137 malitia
570 3076 724 3137 fiant
770 3074 912 3149 illis,
942 3074 1090 3135 dum
1130 3074 1209 3136 ad
1257 3073 1704 3155 impugnandos
1745 3074 2126 3136 Christianos
2168 3096 2337 3139 arma
2382 3077 2473 3140 eis
2513 3086 2577 3141 et

285 3158 624 3219 necessaria
651 3156 1131 3218 subministrant.
1207 3154 1316 3217 Set
1343 3156 1528 3217 etiam
1558 3152 1756 3237 [sunt]
1783 3157 1905 3236 qui,
1936 3176 2050 3236 pro
2090 3176 2201 3219 sua
2242 3158 2576 3239 cupiditate

288 3238 544 3319 decepti,
595 3238 660 3299 in
701 3238 890 3319 galeis
930 3244 996 3299 et
1048 3236 1317 3317 piraticis
1366 3236 1835 3299 Sarracenorum
1882 3238 2141 3299 navibus
2194 3240 2463 3320 regimen
2514 3249 2577 3303 et

288 3339 497 3381 curam
543 3318 1001 3399 gubernationis
1047 3320 1386 3381 exerceant.
1501 3318 1679 3379 Tales
1732 3317 1922 3398 igitur
1969 3319 2045 3381 ab
2092 3319 2374 3382 Ecclesiae
2422 3341 2576 3384 com·

289 3401 580 3462 munione
627 3400 956 3481 praecisos,⁸
985 3406 1050 3461 et
1096 3397 1707 3461 excommunicationi
1796 3420 1865 3461 ro
1914 3420 2025 3461 sua
2064 3400 2393 3482 iniquitate
2440 3404 2579 3466 sub.-

288 3482 501 3563 jectos,
532 3489 597 3543 et
623 3502 827 3545 rerum
853 3502 1100 3543 suarum
1128 3501 1237 3562 per
1261 3479 1567 3561 principes
1594 3500 1708 3541 saec
1776 3480 1799 3541 i
1832 3480 2175 3556 catholicos,
2208 3490 2273 3544 et
2299 3484 2576 3547 consules

290 3564 630 3639 civitatum,
655 3563 992 3644 privatione
1021 3562 1271 3624 militari
1300 3560 1705 3645 [feriendos],⁴
1726 3569 1789 3623 et
1815 3562 2137 3642 capiendos
2156 3564 2179 3603 ⁵
2209 3561 2299 3646 [in
2347 3584 2571 3641 servOS,

291 3644 344 3706 si
372 3646 535 3725 capti
562 3645 808 3719 fuerint,
840 3646 970 3707 fore
999 3664 1326 3706 censemus.
1414 3642 1805 3722 Praecipimus
1846 3652 2052 3705 autem
2092 3651 2164 3705 ut
2202 3645 2281 3706 ab
2368 3646 2435 3721 is,
2467 3647 2575 3726 qui

291 3726 573 3788 ecclesias
613 3726 1055 3787 maritimarum
1095 3723 1338 3787 urbium
1385 3724 1719 3805 possident,
1748 3725 1959 3786 crebra
2004 3730 2069 3787 et
2114 3724 2463 3805 sollempnis
2511 3728 2577 3788 in

293 3826 396 3869 eos
423 3808 532 3868 fiat
559 3806 1121 3869 excommunicatio.
1232 3805 1895 3867 Excommunicationis
1934 3825 2179 3885 quoque
2219 3826 2414 3887 poenae
2442 3808 2578 3869 sub-

290 3886 521 3950 dantur
547 3889 652 3968 qui
679 3888 987 3950 Romanos
1016 3894 1126 3949 aut
1151 3886 1302 3947 alios
1330 3887 1728 3961 Christianos,
1758 3907 1869 3967 pro
1902 3888 2315 3967 negotiatione
2344 3897 2451 3950 aut
2476 3889 2575 3950 vel

285 3968 425 4031 aliis
452 3970 725 4031 honestis
753 3970 947 4032 causis
974 3968 1218 4049 navigio
1246 3976 1470 4043 vectos,
1501 3975 1611 4029 aut
1652 3987 1879 4046 capere,
1911 3978 2021 4030 aut
2059 3970 2242 4031 rebus
2270 3970 2393 4031 suis
2422 3972 2577 4051 spol-

357 4097 380 4131 ²
413 4098 470 4151 It
493 4100 539 4151 is
560 4115 693 4165 very
710 4098 961 4151 doubtful
977 4100 1100 4150 how
1117 4098 1202 4149 far
1222 4099 1378 4149 these
1558 4098 1581 4131 ⁴
1614 4098 1729 4149 The
1750 4114 1904 4150 sense
1914 4100 1961 4150 is
1975 4116 2035 4150 so
2055 4100 2373 4177 incomplete
2386 4101 2509 4153 that
2532 4103 2579 4153 it

291 4166 406 4215 two
419 4166 597 4217 words
619 4165 822 4231 maybe
839 4164 1103 4230 correctly
1118 4164 1367 4215 inserted.
1490 4164 1538 4215 is
1595 4164 1819 4215 obvious
1874 4180 2019 4216 some
2072 4166 2324 4216 omission
2378 4168 2563 4217 exista.

290 4228 408 4281 The
438 4244 529 4283 us.
570 4232 696 4282 here
767 4231 878 4282 'ves
909 4230 1038 4296 only
1070 4229 1122 4281 α’
1157 4230 1245 4291 h’3
1277 4228 1379 4280 but
1491 4230 1651 4281 Some
1672 4229 1821 4280 word
1843 4230 2132 4296 analogous
2160 4231 2217 4280 in
2250 4232 2459 4282 meanin
2518 4238 2579 4282 to

291 4294 341 4345 it
362 4312 532 4349 seems
550 4246 784 4347 difficnfi
799 4300 859 4347 to
881 4298 1098 4362 suggest
1113 4294 1379 4361 anythiug
1491 4294 1588 4346 the
1612 4309 1711 4345 one
1734 4294 1969 4345 inserted
1992 4296 2039 4345 is
2062 4295 2263 4361 clearly
2282 4248 2513 4347 wanted.

291 4358 488 4414 better.
1557 4358 1581 4391 ⁸
1612 4359 1742 4411 This
1755 4360 1803 4410 is
1818 4360 2039 4411 written
2056 4360 2385 4425 capientium,
2396 4362 2573 4413 which

354 4426 378 4459 ²
407 4428 644 4479 Praemi.
1491 4424 1538 4475 is
1572 4424 1773 4490 clearly
1795 4441 1981 4492 wrong
2004 4444 2019 4486 ς
2052 4426 2329 4490 capiendos
2362 4442 2487 4493 may
2510 4426 2579 4478 be

351 4492 377 4526 ⁸
407 4492 684 4545 Preoct‘sos.
1483 4488 1652 4556 right.
