3075 5009
541 464 669 523 380
1197 472 1677 523 cARTULARIUM
1703 471 2171 523 RvaLLENsn.

537 629 704 712 apud
723 630 928 707 Oetes,
948 630 1050 693 die
1066 628 1286 692 Martis
1306 628 1374 692 in
1399 629 1667 693 crastino
1689 628 1749 692 S.
1776 628 2107 705 Vincentii,
2127 628 2223 691 A0.
2248 650 2298 692 r.
2456 628 2474 643 '
2527 628 2575 691 J
2573 628 2849 690 ohannis

537 711 821 790 secundo,
868 712 1089 775 Coram
1137 712 1384 774 Simone
1423 712 1504 773 de
1552 710 1922 787 Pateshulle,
1964 711 2251 774 Eustacio
2290 711 2369 773 de
2460 710 2841 791 aukenberg,

537 794 839 875 Magistro
879 793 1148 856 Radulfo
1180 792 1259 855 de
1291 792 1534 871 Stokes,
1566 792 1845 859 ‹Iusticiis
1882 838 1901 857 .
1944 838 1963 857 .
2010 838 2029 855 .
2069 793 2245 855 Inter
2270 792 2605 854 Ricardum
2644 791 2845 853 Male-

535 875 735 955 bysse,
767 883 1097 956 petentem,
1120 882 1185 937 et
1204 873 1599 950 Willelmum,
1622 875 1949 949 Abbatem,
1974 880 2041 936 et
2064 874 2401 938 Monachos
2428 872 2506 935 de
2533 872 2837 949 Rievalle,

537 964 839 1053 tenentes,
889 956 968 1019 de
1023 956 1238 1051 divisis
1291 964 1472 1019 terrae
1524 958 1689 1051 inter
1744 956 1973 1051 Halmb
2072 963 2137 1018 et
2190 955 2608 1053 Laueschales,
2640 954 2843 1050 ‘unde

536 1039 831 1182 {³1¹2ssssss
862 1037 1509 1200 ssssaztffflssffl.
1533 1036 1854 1181 53:¹3..ss
1893 1118 1974 1181 <10
2000 1045 2398 1182 {zaffifflfi
2432 1045 2845 1198 {³23}ssssssssss

541 1209 607 1263 et
647 1200 944 1263 clameum
979 1201 1146 1282 quod
1179 1200 1396 1263 habuit
1435 1202 1501 1262 in
1544 1200 1886 1276 Staintona‚
1932 1221 2074 1262 cum
2113 1200 2527 1283 pertinenciis,
2648 1220 2681 1261 r
2724 1200 2843 1262 has

540 1282 1013 1361 divisas—scil,
1061 1284 1223 1344 sicut
1269 1283 1435 1344 rivus
1489 1280 1569 1343 de
1616 1280 1888 1345 Wideris
1941 1280 2259 1344 descendit
2311 1302 2422 1362 per
2474 1303 2517 1344 v
2599 1301 2697 1343 em
2757 1281 2843 1345 de

541 1363 844 1425 Laddele¹
875 1373 939 1426 et
965 1365 1132 1426 cadit
1157 1363 1224 1425 in
1251 1364 1450 1439 Riam,
1481 1371 1548 1425 et
1588 1362 1747 1426 sicut
1775 1362 1896 1425 Ria
1920 1362 2097 1425 vadit
2136 1362 2424 1426 deorsum
2463 1369 2529 1425 et
2559 1363 2730 1425 cadit
2758 1364 2843 1424 in

541 1445 666 1521 Sei,
697 1452 764 1508 et
789 1443 1012 1508 deinde
1039 1465 1281 1507 sursum
1317 1453 1530 1507 contra
1571 1443 1895 1507 decursum
1921 1443 1999 1507 de
2030 1444 2138 1507 Sef
2172 1465 2245 1508 us
2287 1465 2367 1507 ue
2394 1444 2473 1506 ad
2498 1444 2704 1507 locum
2720 1444 2841 1506 nbi

541 1525 1057 1590 Flandedalebec2
1085 1525 1250 1588 cadit
1287 1525 1354 1587 in
1396 1525 1519 1600 Sei,
1566 1533 1631 1588 et
1668 1526 1814 1588 inde
1851 1546 2093 1589 sursum
2176 1546 2243 1589 er
2356 1525 2843 1607 andgedalebec²

539 1628 737 1688 usque
764 1608 843 1670 ad
869 1609 1070 1671 locum
1097 1608 1204 1670 ubi
1231 1606 1601 1689 Flangedale
1628 1616 1693 1669 et
1719 1607 2123 1689 Blawathgile
2180 1607 2364 1670 simul
2390 1608 2670 1670 veniunt.
2758 1606 2845 1669 Et

539 1708 653 1771 pro
681 1689 794 1752 hac
821 1689 1030 1770 quieta
1056 1689 1401 1765 alamannia,
1433 1696 1552 1751 etc.
1582 1688 1859 1769 praedicti
1889 1690 2101 1752 Abbas
2128 1696 2193 1752 et
2218 1689 2508 1752 Monachi
2534 1688 2845 1751 dederunt

541 1771 659 1913 ihpsi
707 1770 1006 1913 d1³.i‹.·.ar‹l·od
1017 1792 1086 1914 cb
1099 1770 1324 1913 solidos
1373 1771 1824 1915 stgrlingorilumm.
1932 1771 2014 1833 Et
2061 1770 2387 1853 praedictus
2434 1770 2737 1833 Ricardus
2780 1778 2847 1833 et

589 1872 706 1915 aere
751 1872 816 1915 es
843 1872 938 1915 sm
1011 1873 1044 1915 e
1087 1871 1164 1915 en
1221 1872 1426 1915 waran
1458 1872 1619 1914 izare
1648 1872 1681 1914 e

629 2042 722 2101 39.
791 2038 1030 2123 [Rutuli
1073 2036 1151 2101 de
1191 2038 1450 2114 Oblatis,
1480 2059 1536 2121 p.
1576 2042 1713 2115 133,
1743 2038 1819 2099 Α.
1842 2039 1919 2101 D.
1956 2036 2163 2123 1201.]
2246 2034 2727 2102 Ebor.—Abbas
2763 2038 2843 2102 de

543 2120 786 2185 Rivalis
826 2120 936 2183 dat
974 2120 1243 2183 Domino
1281 2120 1438 2201 Regi
1471 2141 1608 2181 xxx
1646 2140 1881 2182 marcas
1921 2126 1985 2182 et
2026 2120 2071 2181 ii
2105 2140 2293 2201 equos
2333 2120 2691 2183 carettatios
2733 2140 2848 2202 pro

545 2202 729 2264 cartis
796 2203 922 2265 suis
989 2202 1437 2278 confirmandis,
1494 2221 1651 2282 quos
1712 2221 1901 2283 equos
1956 2200 2300 2264 willelmus
2366 2201 2447 2265 de
2516 2201 2849 2266 stutevilla

545 2284 796 2365 recepit,
823 2291 898 2346 ut
923 2282 1164 2347 dicitur.

979 2484 1075 2545 40.
1123 2480 1412 2565 [Charter
1436 2481 1627 2557 Reus,
1661 2485 1697 2542 2
1739 2481 1909 2545 John
1953 2480 2188 2566 [1201],
2233 2482 2335 2545 No
2376 2480 2505 2565 57]

1080 2588 1476 2651 Confirmatio
1503 2588 1941 2651 Monachoram
1968 2588 2046 2651 de
2071 2588 2330 2653 Rivalle.

626 2707 672 2768 J
673 2706 943 2769 ohannes
991 2706 1068 2769 D.
1120 2705 1196 2769 G.
1240 2753 1256 2770 .
1302 2750 1317 2770 .
1363 2750 1380 2769 .
1425 2705 1647 2769 Sciatis
1702 2727 1813 2770 nos
1856 2727 1992 2770 rece
2038 2708 2155 2769 isse
2209 2707 2275 2769 in
2331 2714 2543 2770 nostra
2594 2707 2850 2788 propria

547 2808 733 2850 manu
761 2795 825 2850 et
852 2786 1130 2851 custodia
1157 2795 1222 2851 et
1249 2788 1629 2868 protectione
1670 2788 1939 2851 Domum
2010 2808 2045 2850 e
2086 2788 2377 2865 Rievalle,
2408 2798 2475 2851 et
2514 2790 2849 2852 monachos

545 2877 611 2932 et
638 2889 848 2931 omnes
874 2869 1096 2931 fratres
1121 2869 1187 2931 in
1217 2889 1290 2931 ea
1315 2868 1448 2931 Deo
1469 2870 1821 2947 servientes,
1854 2877 1919 2932 et
1945 2889 2155 2933 omnes
2182 2877 2377 2933 terras
2403 2878 2470 2932 et
2496 2891 2594 2933 res
2623 2879 2689 2933 et
2714 2892 2853 2951 pos-

545 2949 843 3013 sessiones
871 2971 1098 3026 eorum,
1129 2950 1289 3013 sicut
1313 2958 1589 3031 nostram
1616 2952 1926 3032 propriam
1954 2952 2363 3016 elemosinam.
2448 2952 2534 3014 Et
2560 2953 2850 3015 volumus

547 3038 613 3094 et
639 3031 894 3093 firmiter
935 3032 1317 3113 praecipimus
1344 3032 1511 3112 quod
1553 3052 1764 3095 omnes
1804 3042 1999 3094 terras
2028 3041 2093 3095 et
2121 3041 2368 3096 tenuras
2395 3053 2536 3096 suas
2578 3033 2853 3104 habeant

545 3120 610 3176 et
636 3119 888 3174 teneant
915 3112 982 3173 in
1008 3133 1154 3193 pace
1181 3121 1246 3175 et
1283 3111 1474 3176 libere
1503 3119 1569 3176 et
1594 3114 1803 3195 quiete
1843 3122 1907 3177 et
1945 3114 2275 3177 honorifice
2302 3122 2368 3177 et
2406 3115 2663 3196 integre,
2708 3134 2851 3177 cum

546 3194 831 3255 omnibus
857 3193 1242 3256 libertatibus
1282 3203 1346 3256 et
1384 3193 1594 3257 liberis
1636 3195 2176 3259 consuetudinibus
2217 3204 2284 3258 et
2309 3196 2675 3277 quietanciis
2702 3196 2849 3271 suis,

545 3275 610 3337 in
639 3274 820 3337 bosco
847 3281 912 3338 et
939 3275 1137 3355 plano,
1161 3283 1227 3338 et
1251 3275 1317 3337 in
1337 3276 1528 3356 pratis
1556 3282 1623 3338 et
1650 3278 1903 3357 pascuis,
1934 3278 2000 3338 in
2028 3278 2201 3357 aquis
2229 3287 2294 3339 et
2320 3279 2525 3353 moris,
2555 3278 2847 3353 mariscis,

547 3364 612 3419 et
658 3356 724 3417 in
773 3356 1054 3419 omnibus
1108 3356 1272 3435 locis,
1323 3365 1389 3419 et
1433 3356 1502 3419 in
1544 3358 1827 3419 omnibus
1869 3359 2068 3434 rebus,
2113 3357 2345 3421 solutas
2384 3367 2449 3421 et
2489 3359 2733 3438 quietas
2774 3359 2851 3421 de

545 3438 750 3499 scirris
790 3445 856 3500 et
895 3436 1230 3500 hundredis
1266 3444 1330 3499 et
1355 3439 1753 3519 wapentagiis
1794 3445 1860 3501 et
1898 3439 2140 3534 placitis
2168 3447 2233 3502 et
2258 3440 2520 3521 querelis
2549 3448 2616 3502 et
2654 3440 2853 3521 geldis

545 3526 612 3581 et
639 3518 1026 3601 Danegeldis,
1057 3526 1122 3582 et
1161 3518 1591 3595 themanetale,
1619 3528 1683 3582 et
1723 3521 1967 3582 auxihis
1996 3529 2061 3583 et
2100 3521 2405 3603 scutagiis,
2438 3529 2502 3584 et
2542 3521 2763 3583 scottis
2790 3530 2854 3584 et

547 3601 770 3677 assisis,
800 3609 864 3664 et
903 3600 1270 3664 exercitibus
1310 3608 1374 3663 et
1415 3601 1848 3676 occasionibus,
1892 3608 1957 3664 et
1996 3602 2164 3664 omni
2204 3611 2450 3666 terreno
2490 3602 2751 3665 servicio
2790 3609 2855 3664 et

551 3682 821 3744 saeculari
849 3682 1182 3745 exactione.
1266 3681 1351 3743 Et
1377 3681 1444 3743 in
1471 3682 1669 3745 boscis
1697 3702 1907 3745 eorum
1934 3683 2139 3747 nullus
2167 3683 2391 3747 habeat
2430 3684 2727 3746 forestam
2752 3684 2851 3746 vel

548 3762 725 3844 fuget
749 3764 880 3824 sine
920 3763 1172 3825 licencia
1212 3769 1278 3825 et
1303 3762 1621 3825 voluntate
1662 3783 1875 3826 eorum
1913 3785 2097 3845 super
2136 3765 2588 3828 forisfacturam
2630 3784 2847 3827 meam.

552 3843 662 3906 Set
701 3852 954 3907 teneant
993 3864 1203 3907 omnes
1241 3850 1437 3906 terras
1479 3852 1545 3907 et
1582 3852 1833 3907 tenuras
1874 3865 2014 3908 suas
2052 3846 2143 3907 ita
2183 3846 2374 3909 libere
2414 3854 2481 3908 et
2519 3845 2851 3909 honorifice

551 3926 711 3987 sicut
737 3932 918 3989 cartes
945 3925 1130 4007 Regis
1159 3924 1427 4001 Hem-ici,
1451 3926 1554 3988 avi
1582 3926 1773 4007 patris
1800 3926 2013 4003 nostri,
2044 3934 2108 3989 et
2134 3927 2323 4009 Regis
2351 3926 2624 4003 Hem-ici,
2656 3928 2853 4007 patris

552 4006 764 4083 nostri,
787 4006 1233 4070 rationabiliter
1249 4013 1575 4071 testantur.
1660 4007 1745 4069 Et
1771 4009 2162 4088 prohibemus
2178 4029 2258 4072 ne
2280 4009 2418 4090 quis
2438 4029 2541 4071 eos
2558 4009 2625 4069 in
2646 4008 2850 4088 aliquo

553 4096 742 4151 vexet
765 4089 866 4151 vel
893 4088 1217 4165 disturbet,
1248 4108 1447 4170 neque
1475 4089 1540 4150 in
1582 4088 1787 4169 aliqua
1828 4097 1993 4151 terra
2019 4090 2120 4152 vel
2148 4098 2368 4153 tenura
2393 4110 2503 4153 sua
2528 4090 2597 4151 in
2625 4090 2850 4171 placito

625 4220 642 4253 ¹
677 4222 776 4273 See
792 4220 892 4273 No.
917 4220 1330 4284 Lxxn1.,where
1345 4220 1456 4271 this
1469 4218 1637 4271 boun·
1769 4225 1920 4273 ment
1964 4226 2056 4273 ust
2113 4222 2299 4279 noted.

556 4286 698 4353 dary
719 4288 766 4338 is
785 4288 948 4353 given
969 4286 1104 4338 with
1127 4302 1270 4338 some
1297 4286 1443 4338 little
1463 4286 1638 4337 varia-
1830 4285 1853 4320 ⁸
1884 4288 1933 4339 B
1954 4292 2101 4339 awat
2256 4289 2304 4341 is
2325 4292 2423 4339 not
2450 4286 2765 4339 mentioned
2792 4288 2849 4339 in

558 4353 673 4403 tion
691 4353 749 4402 in
765 4357 946 4403 terms.
1001 4352 1306 4403 Laddedale
1323 4352 1370 4403 is
1385 4352 1482 4404 the
1499 4350 1641 4403 form
1764 4351 1869 4405 No.
1912 4366 2139 4415 mm„
2186 4352 2289 4405 but
2324 4353 2571 4405 Blawath
2610 4352 2763 4404 itself
2802 4354 2849 4405 is

557 4416 617 4467 of
638 4417 732 4468 the
753 4421 975 4497 present
995 4433 1151 4468 name
1173 4417 1398 4497 therein.
1764 4417 1959 4469 named
1980 4433 2112 4470 once
2144 4418 2254 4469 and
2286 4420 2445 4486 again
2465 4419 2525 4470 in
2545 4418 2706 4471 other
2738 4418 2849 4469 like

623 4481 645 4514 ²
678 4482 807 4533 This
843 4500 891 4535 is
925 4482 1228 4549 Fangedale
1259 4498 1318 4534 m
1349 4482 1447 4533 the
1479 4482 1639 4535 docu-
1766 4484 2095 4536 documenta.
