3075 5009
558 472 594 530 3
607 472 684 531 70
1213 479 1685 529 cARTULARmM
1717 478 2185 528 RIEVALLENSE'.

554 637 839 699 notitiam
869 657 994 699 non
1021 636 1255 699 habuit.
1339 635 1454 697 Ille
1482 634 1750 715 quidem,
1774 636 2055 697 omnibus
2084 635 2215 697 aliis
2246 634 2530 695 servituti
2558 634 2862 708 subactis,

554 719 896 781 sacerdotes
937 738 1078 780 suos
1118 720 1183 779 in
1225 718 1486 799 pristina
1524 717 1809 779 libertate
1850 716 2101 793 dimisit,
2132 724 2198 778 et
2224 715 2302 777 de
2340 716 2589 796 publico
2618 716 2709 776 eis
2756 715 2867 777 ali-

557 801 824 862 moniam
877 800 1265 861 ministravit.
1353 799 1468 860 Isti
1522 819 1669 861 vero
1722 799 2007 861 universa
2058 798 2189 860 fere
2242 817 2429 859 onera
2444 799 2467 838 1
2514 798 2865 877 imponunt

555 882 836 957 ecclesiis,
869 889 935 944 et
975 889 1071 944 tot
1111 879 1376 961 angariis
1421 900 1522 941 eas
1562 880 1855 960 affligunt,
1898 888 1975 941 ut
2012 878 2169 941 illud
2208 879 2297 940 eis
2339 878 2505 958 quod
2544 878 2863 939 «Ieremias

555 963 837 1045 deplorat
889 970 1228 1044 competere
1281 960 1940 1041 videatur—Princeps
2000 960 2451 1042 provinciarum
2504 959 2709 1021 factus
2764 966 2865 1021 est

557 1046 674 1106 sub
702 1044 950 1107 tributo·
1041 1044 1182 1106 Sive
1215 1043 1464 1124 quidem
1490 1043 1735 1118 fossata,
1766 1063 1875 1104 seu
1916 1042 2353 1122 expeditiones,
2386 1042 2515 1102 sive
2543 1041 2669 1101 alia
2696 1061 2867 1121 quae-

559 1127 711 1187 libet
778 1125 1152 1187 arbitrentur
1205 1124 1456 1205 agenda,
1513 1124 1675 1185 bona
1742 1123 2131 1185 ecclesiarum
2184 1142 2295 1184 seu
2349 1122 2711 1184 clericorum
2770 1124 2869 1183 ita

557 1215 860 1269 evacuant
895 1214 968 1267 ut
1007 1206 1196 1268 nichil
1237 1206 1480 1286 penitus
1527 1206 1851 1285 potestatis
1890 1206 1957 1266 in
2006 1206 2131 1267 suis
2171 1203 2523 1266 hominibus
2564 1203 2869 1265 videatur

559 1290 647 1350 eis
687 1288 1045 1349 remansisse
1067 1311 1085 1365 3
1127 1307 1308 1367 super
1337 1306 1460 1367 quo
1485 1285 1821 1348 dolendum
1860 1294 1959 1347 est
1983 1306 2097 1366 pro
2138 1285 2419 1347 ecclesiis.
2498 1284 2867 1345 Dolendum

559 1377 656 1431 est
695 1369 1124 1431 nichilominus
1151 1388 1261 1449 pro
1288 1368 1436 1447 ipsis
1477 1367 1585 1446 qui
1612 1368 1897 1429 timorem
1922 1366 2043 1429 Dei
2083 1366 2162 1429 ad
2190 1365 2579 1429 ecclesiastici
2620 1364 2869 1427 ordinis

561 1450 966 1513 reverentiam
1021 1450 1311 1512 videntur
1365 1450 1611 1529 penitus
1667 1449 1978 1529 objecisse.
2064 1448 2379 1524 Quocirca,
2436 1447 2551 1508 sub
2606 1448 2870 1509 anathe-

561 1532 744 1593 matis
783 1531 1165 1593 districtione
1191 1530 1461 1593 severius
1502 1529 1897 1609 prohibemus
1928 1550 2007 1591 ne
2046 1528 2172 1591 tale
2212 1529 2293 1590 de
2334 1537 2553 1591 caetero
2595 1534 2869 1607 attemp-

563 1622 695 1675 tare
746 1620 1092 1693 praesumat,
1152 1612 1274 1674 nisi
1326 1611 1661 1692 Episcopus
1704 1612 1805 1674 vel
1849 1611 2101 1673 clericus
2144 1618 2382 1671 tantam
2428 1610 2867 1672 necessitatem

562 1694 916 1775 inspexerit,
961 1700 1034 1755 ut
1075 1694 1302 1773 absque
1331 1700 1605 1754 coactore
1648 1692 1729 1754 ad
1776 1692 2171 1755 reservandas
2211 1710 2563 1754 communes
2602 1693 2871 1753 necessi·

565 1782 740 1851 tates,
771 1775 881 1836 ubi
909 1775 1203 1837 laicorum
1229 1794 1356 1836 non
1381 1779 1721 1854 suppetunt
1757 1773 2097 1849 facultates,
2128 1772 2402 1835 subsidia
2426 1792 2537 1853 per
2577 1773 2869 1835 ecclesias

565 1856 922 1918 existiment
959 1856 1343 1919 conferenda.
1429 1854 1498 1916 Si
1539 1862 1747 1917 autem
1774 1854 2051 1916 consules
2091 1861 2199 1916 aut
2223 1854 2331 1915 alii
2358 1854 2435 1916 de
2477 1860 2701 1917 caetero
2740 1854 2870 1915 ista

563 1937 998 2013 commiserint,
1027 1945 1092 1999 et
1119 1936 1474 1999 commoniti
1501 1936 1794 1998 desistere
1823 1936 1983 1998 forte
2009 1936 2337 2011 noluerint,
2368 1944 2499 1997 tam
2526 1936 2645 2015 ipsi
2675 1956 2869 2016 quam

568 2020 838 2081 fautores
881 2039 1089 2081 eorum
1131 2018 1741 2081 excommunicationi
1783 2038 1849 2080 se
1875 2018 2163 2080 noverint
2200 2018 2531 2092 sub'acere,
2562 2038 2677 2079 nec
2718 2017 2869 2079 fide-

565 2101 737 2245 l-›ieurtne
770 2100 1180 2163 communioni
1221 2098 1562 2162 reddantur
1607 2099 1729 2160 nisi
1780 2099 2263 2161 satisfactionem
2307 2038 2568 2161 iecerint
2624 2119 2869 2179 compe-

631 2202 674 2243 n
737 2201 818 2245 m.

655 2348 746 2405 17.
805 2359 968 2405 xxv.
1028 2343 1186 2405 Cum
1245 2343 1314 2403 in
1368 2342 1601 2404 cunctis
1669 2342 1953 2417 ecclesiis,
2010 2342 2175 2422 quod
2230 2342 2509 2423 pluribus
2578 2350 2645 2403 et
2706 2342 2867 2403 sani-

565 2426 774 2486 oribus
813 2425 1106 2486 fratribus
1144 2424 1346 2485 visum
1387 2423 1577 2486 fuerit
1614 2423 2040 2487 incunctanter
2074 2424 2261 2486 debet
2299 2423 2629 2498 observari,
2788 2444 2865 2485 ve

569 2506 750 2567 nimis
773 2515 882 2582 est,
910 2515 973 2568 et
1000 2505 1466 2586 reprehensione
1487 2503 1929 2585 dignissimum,
1954 2504 2119 2585 quod
2140 2524 2249 2585 per
2265 2504 2561 2584 quasdam
2578 2524 2681 2566 ecc
2706 2504 2865 2567 esias

571 2588 763 2669 pauci,
795 2607 1143 2669 quanquam
1170 2607 1295 2650 non
1335 2594 1466 2648 tam
1507 2586 1585 2647 de
1624 2587 1863 2649 ratione
1902 2606 2088 2667 quam
2126 2587 2207 2647 de
2248 2587 2495 2666 propria
2519 2585 2861 2659 voluntate,

566 2669 1016 2731 ordinationem
1042 2668 1377 2730 multorum
1405 2674 1470 2729 et
1501 2668 1900 2747 prudentium
1926 2668 2289 2748 impediunt,
2318 2676 2383 2729 et
2410 2667 2864 2729 ordinationem

572 2750 1035 2813 ecclesiasticam
1087 2749 1411 2830 procedere
1457 2768 1584 2810 non
1626 2748 1994 2829 permittunt
2014 2749 2391 2829 :—quocirca
2436 2749 2713 2829 presenti
2762 2748 2869 2809 de·

569 2841 737 2894 creto
805 2830 1148 2907 statuimus,
1205 2830 1327 2891 nisi
1379 2851 1417 2891 a
1484 2831 1869 2910 paucioribus
1924 2838 1990 2893 et
2040 2830 2431 2892 inferioribus
2498 2830 2866 2891 rationabile

569 2912 804 2993 aliquid
845 2912 1153 2993 objectum
1207 2911 1396 2974 fuerit
1449 2922 1514 2973 et
1570 2919 1902 2989 ostensum,
1948 2912 2356 2992 appellatione
2396 2920 2653 2987 remota,
2717 2932 2866 2992 prae-

572 2993 773 3055 valeat
799 3013 1052 3074 semper,
1085 3000 1150 3056 et
1177 3013 1358 3055 suum
1397 3001 1687 3072 sequatur
1714 2994 2012 3068 effectum,
2044 2991 2210 3073 quod
2249 3014 2287 3055 a
2326 2992 2575 3072 majoris
2618 3000 2683 3055 et
2710 2994 2867 3054 sani·

573 3075 693 3136 oris
722 3082 894 3154 parte
923 3074 1155 3136 consilii
1181 3074 1372 3136 fuerit
1397 3076 1816 3137 constitutum.
1904 3075 2035 3136 Nec
2062 3075 2561 3137 constitutionem
2588 3082 2865 3136 nostram

573 3155 882 3236 impediat,
915 3156 966 3217 si
994 3156 1154 3218 forte
1180 3156 1400 3236 aliquis
1440 3154 1522 3216 ad
1564 3157 2039 3219 conservandam
2078 3156 2341 3219 ecclesiae
2381 3176 2508 3218 suae
2544 3162 2867 3217 consuetu-

571 3236 781 3299 dinem
807 3256 872 3299 se
906 3238 1254 3318 iuramento
1282 3235 1448 3297 dicat
1487 3236 1845 3301 astrictum:
1886 3257 2013 3300 non
2052 3238 2217 3300 enim
2243 3236 2501 3299 dicenda
2527 3244 2677 3298 sunt
2702 3236 2866 3316 jura-

575 3324 798 3394 menta,
829 3326 925 3380 set
951 3317 1218 3399 perjuria
1256 3318 1480 3398 potius,
1511 3338 1646 3397 quse
1674 3324 1887 3381 contra
1925 3319 2354 3382 auctoritatem
2394 3318 2864 3381 ecclesiasticam

575 3408 639 3461 et
677 3408 1025 3461 sanctorum
1063 3398 1324 3461 fratrum
1365 3399 1623 3463 veniunt
1660 3400 1959 3462 instituta.
2048 3400 2115 3462 Si
2155 3402 2293 3480 quis
2320 3419 2465 3461 vero
2506 3399 2865 3479 hujusmodi

575 3481 1058 3557 consuetudines,
1089 3500 1224 3561 quae
1250 3500 1363 3543 nec
1389 3481 1625 3543 ratione
1651 3481 1947 3561 juvantur
1973 3501 2084 3543 nec
2110 3482 2297 3543 sacris
2322 3489 2667 3561 congruunt
2692 3481 2867 3543 insti-

575 3563 743 3640 tutis,
777 3582 986 3625 curare
1026 3561 1523 3643 praesumpserit»,²
1563 3562 1754 3625 donec
1794 3562 2157 3659 condignam
2198 3563 2390 3643 egerit
2416 3562 2859 3642 poenitentiam,

575 3666 612 3705 a
639 3644 1024 3725 perceptione
1050 3642 1338 3725 Corporis
1367 3651 1430 3705 et
1459 3642 1784 3724 Sanguinis
1809 3643 2118 3707 Domlnici
2145 3643 2381 3707 alienus
2406 3645 2653 3707 existat.

660 3808 755 3867 18.
806 3820 992 3868 xxvl.
1083 3806 1402 3882 Quoniam,
1460 3806 1524 3867 in
1582 3806 1946 3886 quibusdam
1993 3806 2157 3882 locis,
2215 3806 2575 3869 fundatores
2629 3806 2869 3869 ecclesi·

576 3906 765 3962 arum,
814 3894 924 3948 aut
963 3886 1232 3949 haeredes
1273 3887 1652 3963 eorundem‚⁸
1722 3895 1983 3950 otestate
2024 3890 2091 3949 in
2138 3907 2260 3967 qua
2301 3908 2403 3951 eos
2444 3887 2717 3950 Ecclesia
2756 3888 2869 3951 din

577 3968 871 4030 sustinuit
911 3968 1265 4044 abutuntur,
1302 3978 1367 4030 et
1403 3988 1543 4031 cum
1582 3970 1649 4030 in
1761 3968 1944 4031 clesia
1968 3967 2088 4031 Dei
2128 3990 2287 4031 unus
2323 3969 2545 4032 debeat
2584 3990 2716 4032 esse
2758 3970 2869 4051 qui

576 4050 782 4130 praesit
808 4049 944 4131 ipsi,
973 4049 1179 4131 plures
1205 4051 1337 4112 sine
1364 4070 1573 4131 respec
1607 4049 1783 4133 101tu
1820 4050 2218 4131 subjectionis
2244 4050 2465 4132 eligere
2504 4050 2865 4127 moliuntur,

575 4138 641 4192 et
679 4152 820 4194 cum
847 4151 972 4193 una
997 4131 1248 4194 ecclesia
1286 4131 1470 4193 unius
1496 4131 1576 4193 de
1620 4139 1721 4207 eat
1746 4151 1877 4194 esse
1904 4133 2171 4209 rectoris,
2201 4152 2313 4212 pro
2338 4152 2449 4194 sua
2488 4130 2864 4209 defensione,

577 4213 869 4293 plurimos
896 4212 1133 4293 eligunt
1159 4221 1224 4275 et
1261 4218 1717 4293 repraesentant
1805 4213 2115 4291 Quocirca,
2145 4215 2431 4295 praesenti
2463 4212 2711 4275 decreto
2749 4222 2869 4277 sta·

575 4294 802 4356 tuimus
843 4303 929 4371 ut,
961 4296 1014 4355 si
1049 4294 1208 4357 forte
1249 4294 1315 4355 in
1342 4294 1548 4374 plures
1588 4302 1792 4375 partes
1833 4295 2231 4358 fundatorum
2257 4302 2404 4357 vota
2430 4314 2495 4356 se
2522 4293 2865 4371 diviserint,

570 4375 676 4438 ille
717 4375 1082 4457 praeficiatur
1123 4375 1386 4438 ecclesiae
1428 4376 1536 4456 qui
1574 4376 1905 4456 majoribus
1953 4376 2211 4456 juvatur
2250 4376 2500 4452 meritis,
2546 4385 2611 4439 et
2652 4377 2867 4457 populi

771 4494 792 4526 ²
823 4494 1059 4547 Ηοπενα.
1425 4494 1448 4526 ²
1481 4496 1930 4560 Proesumpserint.
2286 4494 2309 4529 ⁸
2339 4495 2663 4549 Eamadcm
